2073 3510
522 197 695 241 Friburgo
724 197 973 231 Helvetiorum
1009 199 1033 232 l.
1055 198 1239 233 Februarii
1275 200 1371 234 inim.
1758 205 1842 245 345)

0 360 2 365 .
41 335 169 377 quam
193 320 408 362 beneficos
427 319 641 361 Patronos
667 319 808 373 reipsa
828 319 1127 373 ‹÷‹›111p‹=1·i111us,
1156 323 1200 361 vt
1221 322 1273 362 ob
1295 322 1628 375 praecellentem
1651 327 1841 366 vestram

0 427 2 431 ,
40 386 338 431 autoritatem,
374 399 609 440 paremque
634 384 996 429 l›eneuolentialm
1033 388 1077 426 et
1101 387 1222 438 quasi
1249 390 1475 440 paternam
1513 389 1694 430 tutelam
1721 391 1843 431 11111118

0 475 3 490 c
42 453 121 509 ipsi
144 451 299 494 merito
323 451 550 505 gratulari.
586 450 845 504 Christoque
870 450 1146 505 redemptori,
1183 467 1309 505 quem
1335 468 1411 494 vos
1436 454 1474 495 111
1500 455 1687 496 111111111118
1711 457 1841 497 01111111

40 518 263 572 diligitis-¹.
308 532 528 571 nunquam
572 532 657 558 non
690 519 795 558 vota,
837 518 983 558 facere
1027 517 1273 559 debeamus.
1341 519 1429 560 111111
1466 535 1568 561 vero
1613 522 1725 563 inter
1759 522 1844 564 alia

42 583 318 627 liberalitatis
360 585 536 625 vestrae
579 582 621 624 111
664 597 742 623 11118
785 582 946 624 collata
989 597 1182 626 munera.
1231 599 1341 636 quae
1384 585 1558 626 difficile
1601 588 1658 628 sit
1701 587 1843 629 omnia

41 649 307 693 numerando
332 647 546 704 persequi,
582 647 789 702 exiguum
813 662 918 689 sane
952 662 1037 689 non
1070 649 1165 691 fuit.
1202 650 1315 702 quod
1341 653 1533 692 vestram
1559 651 1841 696 iuuentutem.

41 715 312 772 praeclarum
355 715 553 769 profecto
597 717 639 756 et
684 714 780 768 plus
824 729 953 767 quain
997 728 1175 755 aureum
1219 714 1482 769 depositum,
1528 732 1611 770 quo
1654 718 1756 759 nihil
1803 718 1842 759 111

40 782 228 825 fortunis
252 781 411 823 vestris
445 780 666 834 antiquius
690 779 943 823 asseruatis.
979 781 1102 821 bonis
1135 780 1275 823 literis
1309 796 1359 824 ac
1392 782 1643 824 liberalibus
1678 783 1845 825 artibus

41 848 372 897 informandam,
409 846 610 900 omnique
643 846 808 889 virtute
843 861 892 888 ac
926 846 1091 901 pietate
1125 848 1464 902 perpoliendam,
1505 852 1683 891 nostrae
1717 850 1845 891 disci-

41 914 183 970 plinae
216 914 403 956 libenter
437 912 730 967 consignastis
769 915 901 966 atque
935 912 1192 955 tradidistis.
1259 914 1368 955 Tum
1405 917 1452 956 vt
1486 914 1664 969 egregia
1699 915 1845 957 studi-

41 995 213 1024 osorum
256 980 432 1028 cohors,
478 994 588 1033 quae
631 978 769 1021 indies
812 978 1032 1033 augescit,
1076 981 1287 1033 tanquam
1330 979 1371 1021 in
1416 980 1580 1023 selecta
1623 982 1845 1036 palaestra

38 1045 305 1089 commodius
339 1045 671 1088 exercitaretur.
719 1060 805 1087 non
846 1044 938 1087 sine
981 1044 1105 1098 graui
1147 1049 1323 1101 sumptu
1357 1060 1496 1088 nouae
1531 1047 1714 1089 Scholae
1747 1048 1845 1089 fun-

37 1112 230 1162 dandae,
280 1125 479 1165 nouoque
525 1111 716 1165 Collegio
763 1125 818 1152 ex
865 1111 1080 1164 quadrato
1125 1111 1269 1166 lapide
1315 1111 1439 1154 nobis
1488 1128 1513 1154 a
1560 1113 1846 1155 fundamento

0 1211 1 1218 ,
38 1178 349 1222 exsuscitando
373 1177 554 1219 dedistis
578 1192 777 1232 operam:
813 1176 1015 1231 quicquid
1040 1180 1188 1220 autem
1221 1177 1380 1233 insigni
1414 1179 1513 1221 huic
1547 1179 1671 1222 deest
1703 1182 1845 1222 struc-

40 1246 177 1292 turae,
212 1244 255 1286 id
287 1244 427 1299 prima
461 1258 631 1298 quaque
666 1243 769 1285 data
804 1243 1030 1286 occasione
1064 1244 1279 1299 supplere,
1315 1260 1366 1287 ac
1399 1246 1491 1287 Deo
1524 1246 1633 1288 bene
1667 1246 1845 1288 fauente

40 1311 246 1366 perficere
279 1310 322 1352 in
356 1309 498 1352 animo
533 1309 766 1352 statuistis.
817 1310 971 1364 Neque
1006 1324 1110 1352 vero
1144 1313 1214 1353 sat
1247 1311 1341 1353 fore
1371 1311 1495 1353 vobis
1518 1311 1660 1354 visum
1694 1315 1774 1362 est,
1810 1312 1844 1353 si

41 1376 249 1420 eiusmodi
291 1375 436 1418 studia
478 1375 707 1418 literarum
750 1375 793 1417 in
835 1375 901 1417 his
944 1376 1119 1419 scholae
1154 1376 1367 1419 classibus
1400 1392 1477 1432 per
1510 1393 1590 1419 nos
1622 1379 1843 1421 florerent.

40 1442 274 1497 multisque
306 1442 566 1498 prodessent
600 1442 949 1485 adolescentibus
982 1444 1116 1497 probe
1160 1458 1210 1485 ac
1243 1443 1384 1497 gratis
1426 1443 1719 1495 instituendis,
1763 1445 1845 1487 nisi

38 1509 162 1552 nobis
197 1508 329 1551 etiam
363 1509 406 1550 in
438 1508 626 1563 templis.
662 1509 784 1551 velut
818 1508 950 1551 certis
974 1509 1074 1550 DEI
1097 1508 1185 1551 viui
1219 1509 1460 1565 domicilijs,
1497 1510 1721 1564 omnisque
1754 1511 1845 1565 pie-

0 1585 3 1619 :
39 1575 146 1618 tatis
170 1574 353 1617 officinis
376 1574 603 1616 laborandi
627 1589 677 1617 ac
700 1572 975 1616 ministrandi
1009 1575 1150 1617 locum
1180 1575 1516 1630 pulcherrimum
1543 1575 1842 1630 assignaretis.

0 1662 2 1688 ;
38 1641 219 1684 Nullum
253 1641 366 1683 enim
399 1639 578 1694 grauius
602 1654 652 1682 ac
676 1639 958 1695 spectabilius
982 1643 1214 1683 exercetur
1246 1641 1290 1683 in
1323 1642 1487 1697 templo
1510 1657 1679 1685 munus.
1715 1657 1843 1696 quam

0 1694 1 1707 ¹
40 1707 421 1757 Ecclesiastarum,
458 1706 529 1761 qui
553 1709 602 1749 vt
623 1706 884 1762 professioni
914 1721 1019 1749 suae
1042 1706 1334 1751 satisfaciant.
1370 1708 1534 1750 electas
1557 1708 1718 1750 Christi
1742 1722 1845 1750 oues

0 1772 1 1775 '
38 1774 203 1816 habent
235 1787 427 1828 pascere.
473 1775 517 1815 et
559 1787 731 1815 sacrum
764 1773 865 1815 DEI
899 1774 1079 1816 verbum
1120 1773 1316 1828 legitime
1350 1774 1510 1816 debent
1548 1774 1843 1829 interpretari.

39 1841 153 1883 Hinc
185 1839 400 1896 praeclari
434 1854 484 1882 ac
518 1839 701 1895 speciosi
735 1839 864 1889 tituli,
910 1839 1064 1894 quibus
1098 1840 1436 1883 Concionatores
1469 1841 1769 1884 Ecclesiastici
1803 1843 1845 1883 in

39 1907 177 1950 sacris
217 1906 358 1949 literis
400 1906 674 1957 decorantur,
719 1909 768 1948 vt
810 1905 895 1948 iam
940 1906 1143 1961 Angeli
1185 1906 1404 1949 Domini
1447 1908 1801 1950 exercituum
1817 1908 1844 1950 ².

39 1973 125 2016 iam
159 1973 242 2015 sal
276 1974 499 2015 1611116Δὶ
533 1975 577 2015 61
610 1973 704 2015 lux
746 1973 982 2016 mundi-¹.
1027 1973 1113 2015 iam
1146 1973 1419 2016 ministri
1453 1973 1758 2018 CHRISTI,
1794 1977 1845 2016 et

38 2039 476 2095 dispensatores
518 2038 917 2093 mysteriorum
960 2040 1120 2089 ΒΕΓ),
1164 2039 1251 2082 iam
1285 2039 1529 2082 animarum
1562 2041 1844 2095 pastores‘i

38 2105 273 2162 populique
316 2106 610 2148 doctoresT
654 2106 941 2161 appellentur.
999 2106 1140 2156 Quare
1182 2121 1389 2160 magnam
1430 2106 1566 2150 vobis.
1611 2108 1846 2160 vestroque

39 2173 198 2228 populo
217 2171 499 2226 Friburgensi
518 2172 724 2214 debemus
743 2171 946 2231 gratiam.
972 2186 1069 2214 cum
1093 2186 1241 2214 semen
1263 2172 1369 2215 illud
1393 2176 1437 2215 et
1459 2187 1617 2214 manna
1643 2172 1844 2214 coeleste.

38 2238 155 2293 quod
186 2252 264 2294 per
306 2253 385 2280 nos
428 2237 652 2293 dispensat
687 2238 853 2285 DEVs,
899 2237 960 2280 sic
1000 2237 1215 2293 excipitis.
1260 2241 1309 2280 vt
1342 2241 1537 2281 vestram
1579 2238 1845 2292 singularem

39 2305 83 2346 in
116 2304 329 2346 audiendo
364 2303 653 2353 alacritatem,
695 2306 1030 2359 promptumque
1064 2303 1256 2346 studium
1290 2304 1434 2359 reipsa
1467 2303 1718 2359 praestetis,
1754 2303 1845 2346 siue

38 2369 309 2412 Catechesin.
346 2370 426 2412 lac
449 2384 603 2425 nempe
626 2384 690 2424 pa
704 2385 724 2411 r
738 2385 762 2412 u
776 2370 990 2412 ulorum
1005 2372 1020 2390 '⁵⁴
1043 2369 1204 2412 Christi
1227 2369 1503 2425 porrigimus,
1530 2369 1621 2412 siue
1644 2373 1843 2412 sanctum

40 2435 343 2490 Euangelium,
379 2435 442 2477 vti
477 2435 714 2495 solidam
749 2436 958 2478 escam⁹
993 2435 1248 2486 animorum,
1293 2451 1536 2491 panemque
1569 2436 1844 2478 benedictum

39 2501 225 2543 filiorum
258 2502 372 2552 DEI,
408 2515 430 2543 6
464 2504 677 2555 suggestu
712 2501 1080 2544 administramus.

161 2574 257 2616 HIS
301 2574 499 2616 omnibus
542 2574 732 2624 accedit,
780 2588 830 2616 ac
873 2574 1012 2616 ordini
1054 2577 1204 2617 vestro
1246 2574 1418 2616 laudem
1463 2574 1666 2617 eximiam
1709 2577 1843 2620 creat,

38 2654 204 2693 nosque
227 2640 351 2682 vobis
373 2639 569 2694 inprimis
593 2639 795 2691 deuincit,
832 2641 989 2682 ardens
1012 2654 1166 2695 nempe
1189 2641 1307 2683 zelus
1340 2640 1384 2682 in
1416 2641 1603 2683 tutanda
1636 2640 1844 2694 religione

42 2705 278 2757 Catholica,
314 2720 443 2760 quam
477 2705 520 2747 in
552 2706 634 2748 hac
657 2706 776 2756 vrbe,
811 2708 993 2760 totaque
1017 2706 1180 2748 ditione
1213 2706 1329 2748 haud
1362 2706 1454 2748 sine
1487 2709 1699 2761 perpetua
1733 2705 1844 2760 vigi-

39 2771 180 2813 lantia
224 2786 378 2827 puram
424 2774 468 2814 et
513 2772 731 2826 integram
777 2773 1061 2815 conseruatis.
1137 2772 1312 2814 (fauetis
1358 2772 1470 2814 enim
1519 2774 1563 2813 et
1604 2771 1844 2826 prouidetis

40 2838 203 2889 sedulo,
240 2840 289 2880 vt
321 2852 374 2879 ne
406 2852 547 2880 nouae
580 2838 806 2892 falsaeque
840 2838 1064 2880 doctrinae
1097 2838 1324 2879 mortifera
1358 2852 1538 2881 venena,
1575 2852 1685 2891 quae
1717 2836 1844 2878 hodie

43 2905 133 2945 tam
165 2904 255 2946 late
289 2906 571 2959 sparguntur,
615 2904 698 2945 huc
732 2904 860 2946 facile
893 2907 1138 2959 penetrent,
1187 2918 1238 2945 ac
1271 2918 1401 2945 sanos
1434 2904 1643 2945 bonorum
1677 2902 1844 2944 animos

40 2970 220 3011 turbent
243 2972 374 3023 atque
399 2972 693 3024 corrumpant.
742 2970 862 3019 Quod
887 2969 1000 3012 enim
1024 2970 1263 3024 Apostolus
1293 2968 1426 3011 dixit:
1463 2970 1637 3010 Sermo
1672 2983 1841 3010 eorum

166 3082 172 3100 ¹
203 3082 255 3117 Cf.
276 3083 330 3116 Mt
358 3082 413 3116 ⁶25.
442 3082 499 3116 40.
649 3082 661 3099 ”-’
688 3082 763 3116 Mal
791 3084 822 3122 2,
853 3082 882 3115 Τ.
1033 3082 1046 3098 ³*
1073 3082 1125 3115 Mt
1155 3082 1186 3121 ἵ),
1218 3082 1271 3115 133.

163 3136 175 3154 ⁴
201 3137 257 3170 Mt
283 3137 315 3171 ἵ).
345 3136 398 3170 14.
549 3135 562 3153 ⁵
591 3137 607 3169 1
638 3136 707 3170 Cor
732 3136 765 3173 4,
796 3137 825 3170 1.
974 3135 987 3151 ⁴³
1018 3136 1071 3169 161·
1089 3137 1121 3171 3,
1152 3136 1214 3171 1ἵ1;
1244 3135 1321 3179 Eph
1349 3136 1381 3173 4,
1415 3137 1474 3170 11:
1505 3137 1522 3169 1
1554 3136 1638 3169 Petr
1665 3136 1695 3169 ἴ).
1726 3136 1746 3168 4
1774 3139 1841 3169 etr.

165 3189 176 3208 ⁷
204 3190 273 3224 Act
300 3191 354 3231 13,
384 3192 426 3226 1:
457 3192 474 3224 1
505 3190 574 3225 Cor
601 3192 655 3229 12,
684 3191 728 3224 28
756 3192 821 3231 *293
851 3190 927 3233 Eph
956 3191 988 3231 4,
1019 3191 1081 3225 11:
1112 3192 1129 3223 1
1158 3190 1237 3223 Tim
1265 3191 1296 3227 3,
1325 3192 1356 3224 2.

165 3246 177 3259 “
205 3245 222 3277 1
253 3244 321 3278 Cor
347 3245 379 3284 3,
411 3246 425 3278 1
456 3245 496 3280 2:
526 3244 624 3278 Heln·
651 3245 682 3280 ἵ),
714 3246 766 3279 12.
916 3246 929 3261 ’·’
958 3244 1055 3278 Hebr
1082 3245 1112 3277 ἴ).
1147 3245 1205 3278 121
1236 3246 1251 3277 1
1284 3244 1352 3277 Cor
1378 3244 1409 3280 53,
1439 3246 1469 3278 2.
