2073 3510
210 135 263 175 12
343 131 447 164 2091.
477 130 629 163 Ioannes
656 128 871 163 Franciscus
898 128 1119 162 Bonhomius
1147 128 1302 163 Canisio.
1343 128 1522 162 Vercellis
1549 128 1605 162 26.
1626 127 1763 172 Aprilis
1791 129 1893 163 1581.

206 251 405 306 gensium
439 265 544 304 erga
577 264 656 291 vos
679 249 953 291 voluntatem
975 249 1196 298 tuendam,
1232 263 1282 290 ac
1310 248 1667 299 conseruandam,
1702 251 1751 291 vt
1773 263 1859 291 non
1880 249 2006 294 nimis

204 317 520 373 temporalibus
552 315 676 358 bonis
709 314 876 357 inhiare
900 329 978 357 vos
1006 314 1271 358 ostendatis:
1306 314 1454 368 itaque
1488 314 1661 368 singula
1692 314 1820 356 nimis
1853 318 2006 359 exacte

205 383 419 439 persequi.
455 382 568 424 vnde
590 381 717 423 multi
740 380 898 423 offendi
921 384 1117 435 possunt.
1152 381 1233 422 hoc
1268 380 1528 435 praesertim
1561 380 1696 426 initio,
1731 395 1818 422 non
1849 383 2005 436 probo;

204 449 361 492 Melius
395 451 542 491 autem
575 462 652 503 per
684 447 819 489 laicos
853 447 970 488 viros
1004 446 1076 500 qui
1110 461 1164 488 ex
1198 446 1340 488 animo
1375 446 1566 500 Collegio
1600 446 1765 491 fauent,
1801 446 2008 491 eiusmodi

205 515 348 557 officia
380 514 599 570 praestari
632 516 861 569 poterunt:
906 512 1089 555 Literas.
1135 527 1243 566 quas
1286 512 1339 554 ad
1374 512 1633 554 Frobeniuin
1667 527 1692 554 a
1726 512 2007 557 Sanctissimo

205 582 256 623 D.
281 581 473 636 petieras
496 583 716 634 Vtcunque
750 578 1034 634 impetrauil:
1069 592 1221 620 verum
1254 578 1357 620 licet
1388 577 1493 619 mihi
1526 578 1646 620 Visae
1680 578 1890 621 eiusmodi
1921 594 2007 623 non

205 647 304 690 sint,
340 650 389 689 vt
422 646 537 688 illius
571 646 761 688 animum
795 658 1067 687 commouere
1102 644 1292 687 valeant.
1329 658 1426 685 cuin
1460 658 1557 685 euin
1586 643 1825 698 Religionis
1849 645 2007 689 Catho-

203 713 313 755 licae
346 712 490 755 studio
523 712 746 754 incensum
781 713 982 753 asserant
1016 710 1144 764 (quod
1180 724 1260 764 ego
1295 710 1493 764 equidem
1532 724 1807 764 nequaquam
1841 709 2008 767 scripsi)

205 793 279 821 eas
312 781 460 821 tamen
494 793 590 820 cum
625 778 824 832 exemplo
860 776 1063 818 adiuncto
1099 776 1153 818 ad
1176 776 1497 818 Paternitatem
1530 778 1652 818 tuam
1678 776 1854 819 mittere
1877 778 2005 830 volui,

204 848 253 887 vt
286 845 322 887 si
355 844 560 899 expedire
594 843 865 888 indicauerit,
911 843 965 884 ad
999 857 1097 884 eum
1131 842 1320 896 dirigere
1362 842 1460 884 illas
1493 842 1632 897 possit
1665 857 1742 885 suo
1776 843 2006 896 arbitratu,

204 910 272 953 cui
304 914 447 953 totuin
469 911 550 952 hoc
573 909 802 964 negocium
826 908 1063 951 committo
1115 909 1237 959 Quod
1261 909 1315 950 ad
1338 909 1582 950 Parochuin
1605 912 1790 964 spectat.
1824 909 2008 953 multum

204 977 361 1031 diuque
394 976 604 1021 laboraui.
641 979 689 1018 vt
722 975 843 1017 illum
877 990 901 1017 a
936 978 1090 1030 coepto
1125 974 1303 1017 consilio
1338 989 1509 1017 sacrum
1533 974 1706 1017 Domini
1733 975 2009 1030 sepulchrum

203 1042 416 1085 inuisendi
450 1057 702 1085 auocarem:
747 1042 942 1084 Tandem
977 1041 1120 1083 victus
1153 1041 1335 1084 cessit-²:
1370 1041 1640 1095 Romanique
1673 1044 1846 1083 tantum
1878 1042 2008 1096 profi-

204 1109 403 1157 ciscetur,
440 1108 507 1150 cui
541 1123 621 1163 ego
656 1108 812 1162 officijs
846 1108 1043 1150 omnibus
1076 1108 1194 1154 nulla
1230 1122 1284 1149 ex
1317 1111 1444 1162 parte
1478 1108 1629 1151 deero:
1674 1107 1742 1149 Ad
1776 1107 1826 1149 R.
1862 1110 2008 1150 autem

202 1174 536 1229 Praepositum3
564 1174 667 1216 mihi
696 1174 803 1216 nihil
826 1174 1101 1216 scribendum
1125 1188 1220 1215 esse
1252 1188 1366 1215 nunc
1389 1173 1505 1219 duxi,
1542 1174 1612 1216 vel
1645 1173 1697 1215 de
1731 1173 2007 1216 concionibus

203 1244 331 1283 extra
355 1240 588 1282 Ciuitatem
611 1240 834 1284 habendis.
870 1240 939 1281 vel
973 1240 1025 1282 de
1059 1239 1371 1282 consuetudine
1404 1239 1614 1281 laicorum
1646 1239 1876 1294 fugienda:
1911 1254 2008 1282 cum

202 1307 295 1363 ipse
327 1322 441 1349 nunc
475 1307 590 1349 aliud
625 1306 837 1361 suspicari
869 1321 956 1347 non
988 1308 1150 1360 posset,
1187 1321 1317 1360 quam
1345 1306 1458 1360 quod
1491 1309 1580 1351 tuo,
1616 1306 1686 1348 vel
1708 1306 1895 1348 Parochi
1927 1305 2007 1348 im-

202 1374 329 1429 pulsu
363 1374 470 1415 haec
504 1372 761 1416 scriberem:
806 1371 916 1414 alias
950 1371 1013 1414 vti
1056 1386 1184 1427 spero
1227 1371 1493 1414 commodius
1537 1386 1587 1414 ac
1629 1372 1819 1414 fortasse
1858 1371 2007 1415 Vtilius

202 1439 244 1481 id
269 1439 398 1493 officij
423 1438 740 1494 praestiturus:
775 1438 840 1480 De
864 1437 1125 1492 opulentiori
1152 1437 1360 1480 beneficio
1392 1437 1580 1480 libenter
1613 1437 1675 1479 illi
1697 1437 2005 1493 prouidissem;

203 1506 287 1548 Sed
321 1505 492 1560 quando
528 1518 810 1559 quaecunque
845 1505 898 1545 ab
932 1503 1038 1559 ipso.
1080 1503 1264 1558 alijsque
1298 1503 1525 1546 Canonicis
1559 1518 1583 1546 a
1617 1518 1685 1546 me
1718 1503 1857 1559 petita
1891 1506 2004 1555 sunt,

203 1586 258 1614 ex
291 1571 483 1627 ipsorum
516 1574 620 1613 voto
654 1570 889 1625 impetrata
933 1573 1065 1624 atque
1105 1570 1311 1625 expedita
1351 1572 1453 1612 sunt
1487 1569 1642 1620 01111113,
1687 1570 1788 1624 quid
1822 1569 2006 1625 amplius

203 1652 227 1680 a
260 1652 329 1680 me
361 1637 453 1680 iure
488 1637 758 1679 desideretur
791 1651 877 1678 non
910 1636 1058 1680 video:
1105 1636 1141 1678 si
1174 1638 1323 1678 tamen
1357 1636 1503 1690 aliqua
1544 1636 1649 1678 mihi
1690 1639 2007 1691 proponeretur

202 1704 328 1751 ratio,
374 1719 458 1758 qua
492 1703 607 1745 illius
641 1703 843 1751 officium,
891 1705 935 1744 et
969 1703 1216 1744 authoritas
1249 1702 1389 1744 iuuari
1424 1702 1575 1757 possit,
1620 1701 1776 1745 01111113.
1821 1716 1931 1756 quae
1964 1701 2008 1744 in

201 1785 298 1812 mea
346 1772 569 1825 potestate
618 1772 758 1813 erunt.
809 1769 1065 1814 concedam.
1117 1771 1161 1811 et
1209 1770 1444 1824 praestabo
1491 1783 1621 1823 quam
1669 1768 2004 1824 promptissime.

201 1837 380 1891 Collegij
416 1836 553 1879 vestri
588 1835 820 1890 Delingani
859 1835 1169 1877 necessitatem
1204 1835 1363 1890 accepi.
1405 1835 1533 1889 idque
1568 1835 1697 1889 officij
1734 1835 1847 1889 quod
1881 1849 1907 1876 a
1938 1847 2007 1877 me

201 1903 315 1958 petit
348 1906 424 1945 tua
458 1902 710 1944 Paternitas
752 1917 838 1944 non
884 1902 1109 1956 denegabo
1122 1902 1151 1952 ⁴,
1197 1902 1364 1944 vtinam
1396 1917 1482 1944 non
1523 1901 1651 1944 inane
1690 1901 1795 1943 illud
1829 1900 1908 1944 sit:
1943 1901 2007 1943 De

201 1972 431 2011 contractu
474 1969 547 2011 illo
592 1968 862 2012 Germanico.
908 1968 1046 2022 deque
1087 1968 1221 2010 Patre
1265 1969 1492 2023 Gasparo⁵
1533 1968 1639 2010 nihil
1685 1968 1801 2010 aliud
1844 1966 2005 2022 accepi,

201 2050 331 2089 quam
375 2035 487 2089 quod
521 2035 678 2077 Patres
721 2034 858 2077 vestri
900 2035 1086 2076 multum
1128 2035 1341 2077 hactenus
1382 2035 1652 2085 laborarunt,
1696 2037 1745 2077 vt
1787 2034 1823 2076 is
1861 2033 2007 2076 licitus

199 2101 447 2144 declaretur
462 2101 498 2145 G:
535 2101 617 2143 Sed
652 2101 983 2143 Sanctissiinum
1016 2101 1248 2143 Dominum
1281 2101 1486 2143 scribitur
1522 2116 1670 2143 eorum
1705 2098 2007 2143 deliberationi

198 2168 389 2210 nondum
413 2167 695 2221 acquieuisse,
732 2182 909 2221 remque
933 2182 1028 2209 esse
1050 2167 1198 2222 magni
1221 2167 1428 2210 momenti
1459 2167 1678 2209 censuisse
1702 2167 1834 2208 Suam
1857 2164 2006 2208 Beati-

199 2233 394 2276 tudinem
438 2236 570 2288 atque
613 2233 708 2275 ideo
742 2233 956 2275 maturius
999 2234 1225 2275 consilium
1259 2237 1495 2288 antequam
1529 2236 1803 2276 contractum
1836 2233 2003 2287 probet.

200 2299 510 2342 adhibituram.
567 2300 631 2341 De.
666 2299 844 2353 reliquis
877 2299 939 2341 ita
973 2302 1157 2344 statuat.
1193 2300 1305 2351 volo,
1341 2300 1520 2354 Collegij
1545 2298 1746 2353 Friburgi
1780 2297 2005 2340 commoda

324 2413 332 2430 ¹
362 2413 451 2446 Vide
479 2424 588 2456 supra
615 2425 648 2456 p.
673 2414 689 2446 1
706 2414 776 2447 ἡ’.2.

321 2466 333 2484 “·’
360 2466 598 2501 Sebastianus
627 2467 825 2500 Verrouius
863 2467 960 2500 urbis
997 2467 1238 2511 friburgensis
1275 2467 1454 2510 parochus
1494 2479 1535 2507 xv.
1564 2478 1671 2510 supra
1706 2479 1738 2510 p.
1766 2465 1799 2500 9*
1826 2465 2006 2500 Vercellis

198 2522 254 2555 26.
276 2521 412 2564 Aprilis
442 2521 528 2554 1:351
571 2520 678 2554 Petro
707 2520 899 2563 Sehnewly
928 2521 1076 2564 capituli
1106 2521 1139 2555 S.
1162 2521 1299 2555 Nicolai
1329 2521 1569 2563 friburg-:ensis
1604 2520 1810 2564 praeposito
1836 2519 2003 2563 scripsit:

203 2576 379 2615 „Cautum
407 2578 474 2610 est.
510 2587 553 2608 110
584 2575 666 2618 quis
692 2575 884 2618 presbyter
910 2575 955 2609 ad
982 2574 1041 2609 δ’δ’.
1063 2574 1300 2618 Sepulchrum
1328 2575 1406 2609 sine
1434 2575 1571 2608 Sununi
1601 2574 1788 2608 Pontificis
1815 2576 1879 2608 aut
1906 2574 2004 2607 illius

199 2628 326 2673 Legati
365 2629 510 2663 licentia
550 2629 619 2662 iter
654 2629 842 2672 suscipiat.
879 2629 946 2662 sub
983 2629 1370 2662 exconiniunicationis
1397 2629 1544 2672 poena*
1601 2628 1838 2662 Bonluunium
1870 2630 2002 2668 autem,

199 2694 305 2725 quem
344 2682 420 2726 ipse
458 2683 612 2726 primum
642 2683 836 2717 Mediolani
876 2683 1107 2726 repperisset.
1146 2683 1228 2717 dein
1256 2683 1443 2717 Vercellos
1481 2686 1626 2717 euntem
1664 2683 1858 2717 comitatus
1895 2684 2002 2718 esset.

197 2736 278 2771 sibi.
316 2736 510 2770 accedente
549 2737 766 2771 auctoritate
795 2738 828 2770 S.
850 2737 967 2770 ('aroli
996 2737 1202 2770 Borroniaei
1241 2740 1275 2770 et
1305 2736 1454 2770 (11101-11111
1483 2737 1777 2780 presl›yteroruin
1807 2735 2003 2769 vercellen—

197 2789 290 2823 sium
320 2790 531 2834 integritatc
559 2794 595 2824 et
623 2791 784 2824 doctrina
822 2790 1034 2834 pollentium
1072 2791 1309 2833 persuasisse.
1349 2793 1385 2824 ut
1423 2790 1726 2834 peregrinationis
1752 2789 2002 2832 hierosolymi-

199 2847 305 2878 tanae
334 2845 523 2878 consilium
553 2845 747 2888 deponeret
776 2875 780 2881 „
799 2846 982 2886 nymfan»,
1012 2844 1105 2878 Zelin
1137 2845 1255 2878 Briefe
1283 2848 1350 2878 etc.
1384 2846 1450 2878 120
1480 2845 1568 2878 124&

320 2898 332 2915 ³
360 2899 506 2932 Petrum
536 2899 740 2941 selmon-ly.
780 2899 839 2942 qui
870 2899 1015 2932 Antonii
1045 2899 1086 2932 de
1116 2898 1300 2932 (lorrevod
1337 2899 1495 2942 episcopi
1533 2898 1784 2932 lausannensis
1812 2897 1868 2938 gad
1895 2897 2003 2931 liuius

198 2952 446 2995 episcopatum
476 2953 738 2997 Friburgcnses
766 2952 996 2996 pertinebant
1036 2953 1211 2986 vicarium
1241 2953 1448 2997 generalem
1477 2953 1619 2997 agebat.

319 3006 331 3024 ⁴
361 3006 450 3040 Vide
480 3007 584 3042 infra.
613 3019 666 3050 ep.
689 3008 792 3041 2093.
943 3005 956 3024 ⁵
984 3006 1166 3042 Haivodo:
1196 3008 1240 3041 ef.
1269 3019 1377 3050 supra
1406 3019 1437 3050 p.
1461 3007 1492 3040 ἴ).

318 3059 332 3076 “’·
360 3060 428 3094 Pl'.
449 3060 599 3094 l'aulum
622 3061 810 3094 Hoffaelun
831 3063 868 3093 et
885 3061 1098 3103 (li-egoriuni
1120 3061 1161 3094 de
1180 3061 1347 3095 Valentia
1369 3060 1599 3104 potissimum
1618 3060 1825 3104 significare
1845 3059 1999 3093 videtur.

199 3114 290 3154 Quid
320 3114 463 3147 tandein
493 3127 511 3148 a
541 3115 692 3148 delectis
720 3114 914 3148 Societatis
942 3115 1031 3148 viris
1059 3115 1296 3148 constitutum
1325 3118 1361 3148 et
1387 3126 1406 3148 a
1436 3115 1608 3158 Gregorio
1637 3114 1733 3148 xlll.
1763 3113 1999 3157 approbatum

197 3167 256 3203 sit.
287 3168 367 3201 vide
398 3170 486 3202 Fan.
514 3168 576 3201 Vll
608 3169 687 3202 4390.
