2073 3510
200 206 283 246 140
728 199 832 233 2168.
865 198 1034 233 Canisius
1062 197 1211 233 Claudio
1238 197 1465 241 Aquavivae.

194 323 372 378 negotio
406 325 525 365 recte
558 323 801 371 uterentur,
837 334 1094 375 semperque
1127 318 1299 362 candidi
1332 321 1377 361 et
1401 319 1618 361 Germana
1651 319 1868 362 charitate
1902 334 2005 362 con-

195 390 343 441 iuncti,
379 389 594 443 simulque
627 388 671 430 in
705 386 975 430 obedientian
1011 386 1196 441 synceri,
1232 400 1278 428 se
1308 399 1411 428 uere
1436 386 1676 427 Germanos
1709 385 1855 441 reipsa
1888 400 2004 428 com-

194 457 463 512 probarent?
514 455 582 497 Ad
605 454 760 497 uitium
785 468 955 508 quoque
978 452 1183 508 pertinet,
1220 452 1335 507 quod
1368 451 1482 494 sicut
1514 451 1642 494 multi
1675 452 1758 494 cibi
1791 467 1842 494 ac
1874 454 2005 507 potus

195 524 248 565 ob
290 522 497 577 frigidam
539 520 762 575 regionem
805 519 1144 575 appetentiores,
1189 519 1253 561 ita
1293 518 1426 561 etiam
1465 518 1749 573 plaerumque
1791 518 2006 574 int-empe-

196 589 412 631 rantiores
446 587 656 639 existunt,
692 590 741 630 ut
773 586 873 629 hinc
907 600 1078 640 quoque
1104 585 1308 628 Germani
1341 585 1505 640 passim
1539 586 1592 627 ob
1626 587 1850 640 receptam
1883 585 2005 627 uino-

194 655 375 698 lentiam
398 655 511 697 male
536 654 729 696 audiant.
780 654 840 695 Et
874 652 1077 707 quoniam
1109 652 1209 694 inde
1244 667 1269 694 a
1301 651 1452 707 primis
1476 651 1601 693 annis
1624 651 1768 694 uentri
1801 651 1863 694 sic
1896 651 2007 694 satis

194 722 435 776 indulgent,
479 721 705 775 multoque
748 719 842 762 cibo
885 734 971 761 non
1014 718 1107 760 sine
1149 720 1382 773 parentum
1416 718 1543 773 culpa
1576 732 1672 760 sese
1714 717 2004 772 ingurgitant,

194 788 336 830 minus
370 802 451 842 ego
484 787 631 837 miror,
666 801 829 842 paucos
863 785 1044 841 reperiri
1069 785 1310 827 Germanos
1338 799 1470 839 supra
1503 784 1678 826 modum
1712 783 2007 826 abstinentiae

195 854 378 905 deditos,
415 857 460 897 et
492 853 573 896 sibi
608 853 723 896 circa
757 852 921 895 uictum
956 866 1006 894 ac
1032 854 1185 906 potum
1209 854 1422 901 austeros,
1458 851 1535 893 sed
1569 851 1641 905 qui
1674 854 1828 898 contra
1860 850 2008 906 potius

195 920 367 977 corpori
400 921 554 963 laxent
576 921 784 970 habenas,
821 922 865 961 et
888 919 1133 974 plusculum
1157 918 1239 960 sibi
1262 918 1519 973 permittere
1543 918 1727 969 soleant,
1764 933 1789 960 a
1812 917 2008 973 corporis

195 987 487 1043 castigatione
506 990 551 1030 et
568 986 740 1041 ieiunijs
764 985 1037 1040 caeterisque
1055 985 1353 1041 poenitentiae
1378 984 1580 1041 operibus
1604 988 1838 1039 utcumque
1862 983 2003 1027 alieni.

194 1056 373 1098 Habent
414 1055 495 1097 hoc
539 1054 672 1096 etiam
714 1053 795 1095 sibi
828 1052 1061 1108 peculiare,
1107 1052 1221 1107 quod
1264 1066 1369 1094 suae
1412 1052 1557 1107 gentis
1597 1066 1744 1094 amore
1779 1051 1908 1107 capti,
1953 1051 2006 1093 de

195 1121 360 1164 exteris
393 1136 479 1164 non
513 1120 675 1176 optime
710 1119 917 1170 sentiant,
962 1122 1039 1162 aut
1082 1122 1201 1162 certe
1244 1120 1298 1161 ab
1341 1118 1426 1161 illis
1469 1133 1566 1161 sese
1599 1118 1834 1173 gubernari
1874 1131 2005 1172 aegre

194 1188 434 1244 patiantur,
468 1187 648 1243 perinde
672 1202 722 1230 ac
748 1186 952 1229 Germani
976 1201 1001 1229 a
1026 1186 1254 1229 Germanis
1288 1186 1508 1228 duntaxat
1540 1188 1660 1228 recte
1684 1187 2007 1240 cognoscantur

194 1254 475 1309 legitimeque
517 1256 789 1297 tractentur:
833 1253 933 1295 hinc
976 1253 1209 1307 aliquando
1250 1252 1519 1308 suspiciones
1559 1255 1604 1295 et
1635 1251 2006 1294 murmurationes

196 1325 240 1364 et
273 1320 619 1376 conspirationes
651 1335 739 1363 non
771 1321 891 1363 leues
925 1322 1079 1362 contra
1113 1319 1372 1375 superiores,
1408 1319 1444 1362 si
1470 1318 1675 1362 Germani
1707 1334 1794 1361 non
1826 1317 2003 1367 fuerint,

195 1388 465 1439 exoriuntur,
502 1402 553 1430 ac
576 1387 868 1429 obedientiam
893 1387 1125 1429 admodum
1158 1387 1445 1429 labefactant.
1497 1386 1567 1428 Ad
1598 1386 1708 1428 haec
1740 1385 1927 1440 frigidae
1961 1386 2006 1427 et

196 1455 487 1510 Aquilonares
528 1454 730 1509 regiones
762 1454 909 1497 nescio
949 1454 1051 1509 quid
1091 1454 1332 1509 spiritualis
1364 1454 1544 1509 frigoris
1558 1454 1571 1473 '¹
1604 1468 1751 1496 secum
1785 1453 2003 1499 adferunt,

195 1525 244 1565 ut
278 1522 518 1565 Germanos
552 1521 830 1577 experiamur
864 1521 1021 1572 aridos,
1066 1521 1251 1576 frigidos
1285 1524 1330 1564 et
1368 1521 1565 1577 torpidos
1604 1520 1648 1563 in
1679 1520 1760 1570 his,
1805 1534 1917 1574 quae
1950 1518 2005 1561 ad

196 1604 346 1631 uerum
390 1603 440 1631 ac
486 1589 713 1631 ardentem
756 1587 1002 1631 deuotionis
1044 1588 1268 1643 spiritum,
1317 1591 1361 1631 et
1404 1588 1459 1630 ad
1504 1587 1716 1630 exercitia
1759 1585 2006 1642 spiritualia
2068 1590 2069 1594 ’

194 1655 490 1709 mentaliaque
524 1657 750 1710 spectant:
794 1657 888 1698 tum
922 1670 977 1697 ex
1010 1655 1160 1697 multis
1199 1655 1326 1710 pauci
1367 1656 1421 1697 ad
1462 1654 1702 1697 meditandi
1737 1656 1869 1708 atque
1902 1667 2004 1695 con-

195 1722 436 1777 templandi
460 1737 585 1764 usum
608 1721 717 1764 satis
750 1721 893 1764 idonei
917 1736 1013 1764 esse
1036 1721 1252 1764 uidentur.
1303 1721 1387 1764 Hic
1420 1722 1618 1777 profecto
1651 1720 1713 1762 illi
1746 1735 1833 1762 non
1864 1720 2002 1769 freno,

196 1789 272 1831 sed
321 1788 565 1831 calcaribus
613 1788 833 1843 indigent,
885 1803 1021 1843 eoque
1069 1789 1211 1843 magis
1260 1789 1375 1843 quod
1423 1789 1475 1831 in
1523 1787 1701 1831 medio
1749 1786 2004 1830 nationis

196 1869 404 1910 prauae
420 1856 432 1878 ¹
456 1855 661 1905 instituti,
686 1870 841 1910 parum
865 1858 941 1898 aut
964 1855 1069 1897 nihil
1094 1855 1324 1898 didicerint
1348 1856 1400 1898 de
1419 1855 1676 1909 ceremonijs
1696 1852 2006 1897 ecclesiasticis

196 1924 240 1964 et
273 1924 457 1964 externo
490 1921 571 1963 Dei
605 1922 737 1972 cultu,
783 1921 855 1976 qui
889 1925 1008 1964 certe
1041 1937 1247 1976 magnam
1282 1922 1369 1964 uim
1403 1922 1458 1964 ad
1492 1922 1671 1964 alendos
1704 1921 1747 1963 in
1781 1919 2007 1963 Catholica

195 1987 360 2043 pietate
404 1987 571 2030 animos
615 1987 796 2039 obtinet,
842 2002 892 2030 ac
935 1988 1070 2030 ueluti
1113 1988 1181 2030 lac
1215 1991 1283 2030 est
1314 1988 1598 2043 paruulorum
1632 1986 1868 2033 Ecclesiae,
1913 1985 2006 2028 sine

196 2069 279 2108 quo
312 2069 399 2096 non
432 2053 496 2096 ita
527 2054 652 2096 multi
686 2053 730 2095 in
754 2054 926 2096 Christo
960 2055 1257 2109 grandescunt
1271 2054 1298 2097 2.
1349 2055 1471 2097 Haec
1505 2057 1740 2110 propterea
1773 2055 1924 2108 repeto
1958 2055 2005 2094 ut

195 2135 280 2162 non
314 2120 454 2162 solum
489 2120 541 2162 de
576 2120 686 2174 alijs,
732 2120 808 2162 sed
842 2121 895 2162 de
927 2120 1091 2163 nostris
1128 2121 1261 2163 etiam
1296 2121 1523 2163 Germanis
1556 2120 1757 2163 iuuandis
1790 2134 2003 2161 moneam.

194 2186 469 2241 potissimum
504 2201 607 2228 uero
642 2189 690 2228 ut
723 2186 926 2241 Magistri
969 2187 1233 2229 nouitiorum
1276 2187 1344 2229 hic
1378 2188 1528 2230 sedulo
1569 2186 1810 2241 aduigilare
1844 2185 2003 2235 norint,

196 2255 330 2306 utque
373 2252 619 2307 superiores
662 2267 812 2295 omnes
854 2252 897 2294 in
939 2252 1057 2295 hisce
1101 2253 1298 2307 collegijs
1344 2269 1468 2295 suum
1515 2253 1704 2295 officium
1750 2251 1917 2294 faciant
1962 2251 2004 2293 in

195 2318 357 2360 natiuis
404 2318 648 2360 huiusmodi
701 2319 1015 2360 Germanorum
1064 2319 1226 2361 morbis
1276 2319 1479 2361 curandis
1525 2322 1658 2373 atque
1703 2317 2001 2374 profligandis.

196 2385 338 2427 Tanto
373 2384 485 2426 enim
519 2384 580 2425 illi
605 2384 777 2439 aptiora
801 2384 973 2427 diuinae
997 2385 1168 2439 gratiae
1196 2400 1363 2439 organa
1396 2386 1501 2427 fient
1535 2386 1589 2427 ad
1622 2384 1869 2427 haereticos
1903 2399 2004 2426 con-

196 2451 443 2499 uertendos,
489 2454 652 2504 quanto
696 2465 791 2493 sese
835 2452 888 2493 ab
922 2451 1040 2493 hisce
1072 2452 1254 2494 maculis
1296 2451 1494 2507 puriores
1528 2452 1642 2494 domi
1676 2451 1868 2506 forisque
1903 2465 2004 2493 con-

196 2518 447 2565 seruabunt,
484 2516 547 2558 ita
581 2519 629 2559 ut
662 2532 806 2559 coram
832 2518 924 2559 Deo
959 2520 1003 2559 et
1026 2517 1271 2559 hominibus
1296 2532 1397 2560 uere
1421 2518 1575 2563 sancti,
1612 2521 1656 2560 et
1680 2519 1898 2559 Germana
1930 2516 2003 2558 illa

197 2597 307 2637 quae
342 2582 442 2623 olim
478 2582 656 2636 uigebat
689 2582 970 2637 simplicitate
1004 2583 1338 2637 innocentiaque
1373 2584 1592 2639 conspicui
1626 2583 1917 2626 inueniantur.

317 2648 527 2698 Quoniam
575 2663 678 2690 uero
724 2649 776 2690 de
821 2648 1060 2690 minoribus
1103 2652 1147 2691 ct
1188 2650 1281 2691 fere
1323 2650 1485 2692 natiuis
1529 2650 1649 2703 uitijs
1692 2649 1901 2698 diximus,
1950 2648 2001 2691 ad

196 2713 402 2768 grauiora
445 2717 489 2756 et
530 2714 763 2769 praecipua
805 2730 917 2756 nunc
958 2715 1228 2761 accedamus,
1273 2715 1316 2757 in
1350 2716 1505 2769 quibus
1539 2716 1723 2758 alteram
1758 2714 2002 2757 cautionem

198 2780 425 2822 Germanis
467 2780 630 2822 nostris
673 2780 886 2835 operarijs
929 2780 1039 2823 scitu
1081 2782 1403 2835 obseruatuque
1436 2781 1728 2823 necessariam
1769 2780 2000 2823 constituo.

197 2847 263 2887 Ea
296 2848 364 2888 est
398 2849 446 2887 ut
478 2846 616 2888 nostri
652 2847 773 2889 uelut
806 2847 1024 2889 salutares
1057 2847 1223 2893 medici,
1266 2847 1522 2901 quibusdam
1558 2847 1769 2890 antidotis
1802 2861 2002 2902 praemu-

195 2911 288 2958 niti,
334 2912 557 2953 commodo
601 2912 842 2966 dextroque
885 2915 1081 2955 tractent
1116 2913 1355 2955 Germanos
1396 2916 1619 2968 potestate.
1653 2916 1698 2956 et
1731 2912 2002 2955 authoritate

197 2980 488 3032 przwstantes,
515 2978 585 3032 qui
606 2979 782 3021 tametsi
802 2979 1072 3034 professione
1091 2982 1193 3022 sunt
1211 2979 1435 3028 Catholici,
1462 2982 1610 3022 tamen
1628 2979 1811 3021 loetales
1829 2979 2002 3020 morbos

197 3059 298 3085 suos
321 3058 532 3086 excusare
555 3045 725 3087 malunt
743 3060 871 3099 quam
892 3060 1143 3099 agnoscere,
1169 3045 1307 3088 omnis
1330 3047 1423 3088 fere
1446 3045 1684 3088 curationis
1707 3044 1999 3100 impatientes.

318 3132 346 3161 a)
369 3134 413 3157 lta
438 3134 467 3157 in
488 3134 599 3158 arr-le.
623 3142 698 3158 corr.
722 3137 762 3157 est
784 3142 820 3158 m·
842 3133 930 3158 simul
957 3133 1194 3159 inobedientiae,
1274 3133 1304 3165 b)
1326 3137 1354 3159 (’.
1378 3143 1470 3166 supra
1495 3143 1609 3159 versum
1634 3143 1675 3159 1‘1'.
1699 3133 1834 3166 torporis
1856 3140 1888 3159 ac
1909 3132 2000 3166 pigri-

198 3173 258 3198 (iao
276 3175 408 3205 primum
430 3176 561 3206 »Μνῷ-«ἡ,
582 3176 689 3199 deiude
710 3177 901 3201 oblittrrarit.

321 3252 330 3270 ¹
358 3253 438 3286 l’hil
468 3255 499 3293 2,
531 3254 583 3288 15.
734 3253 746 3271 “·’
774 3254 827 3288 (Es.
852 3255 865 3287 1
890 3255 958 3288 (for
984 3256 1016 3294 53,
1048 3255 1060 3288 1
1093 3256 1134 3295 *λς
1165 3254 1262 3288 chr
1289 3255 1320 3294 ἴ),
1355 3256 1394 3288 12
1426 3255 1476 3288 153.
