2073 3510
528 195 702 238 Friburgo
731 194 980 228 Helvetiorum
1011 194 1103 228 inter
1129 207 1159 228 a.
1185 195 1268 228 15⁸1
1292 200 1323 228 el
1353 196 1449 230 ism.
1831 200 1886 239 (35)

87 332 192 363 rum.
225 315 467 369 angelique
502 314 672 357 Sam-ti:
708 314 916 356 Addenda
953 317 997 355 et
1029 313 1264 365 singularis
1298 316 1509 369 quaedam
1546 317 1789 359 reuerentia
1820 317 1886 359 liis

87 397 187 425 uere
221 381 475 424 sublimibus
509 379 705 435 personis
739 380 932 434 coelique
966 379 1230 434 principibus
1264 381 1423 431 debita,
1461 385 1508 424 ut
1541 398 1634 424 eum
1669 384 1885 438 l'roplieta

86 448 228 491 dicere
262 462 417 502 queas:
452 448 513 488 -ln
549 449 830 501 conspectu
868 446 1183 499 Angelorum
1218 447 1436 501 psallam
1472 448 1565 489 tibi
1587 450 1609 490 ¹.
1675 449 1886 503 anrimis

86 517 231 557 autem
273 513 627 556 assuefaciendus
668 512 848 558 animus,
891 514 938 554 ut
972 511 1162 566 quotidie
1203 512 1368 565 cogitet
1401 528 1450 554 ac
1484 514 1719 556 meditetur
1760 515 1884 556 illud:

89 579 304 635 Respice
344 579 392 620 in
432 578 618 621 faciem
652 578 845 619 Christi
881 578 998 622 tui'-‘,
1034 578 1206 623 clu-isti,
1242 578 1430 632 inquam.
1468 580 1586 625 Nati,
1623 580 1885 624 vin-unwisi.

87 646 227 700 Magis
261 645 437 691 ostensi,
479 644 687 686 miracula
722 643 956 699 operantis,
998 644 1287 697 Euangelium
1322 645 1628 699 [natalicantis.
1670 646 1884 693 crucifixi.

86 711 256 756 mortui,
303 711 564 754 resuscitati.
609 713 653 753 et
696 710 738 752 in
780 711 947 752 eoelum
990 710 1215 765 assumpti,
1261 712 1621 764 quenmdniodum
1669 712 1887 753 Ecclesiae

86 778 189 821 ordo
217 793 295 820 1105
329 777 616 832 pulcherrime
651 777 867 827 admonet,
903 792 953 818 ac
978 776 1317 830 Euangeliorum
1341 777 1420 818 sibi
1456 777 1777 820 succedentium
1814 778 1887 819 ‹le-

87 859 240 887 cursus
273 843 476 885 ostendit.

206 909 550 951 Adminiculum²²
584 908 667 951 erit
690 908 914 950 Dominico
939 908 1006 950 die
1040 908 1305 963 singularem
1337 909 1528 951 tribuere
1553 910 1716 952 cultum
1741 925 1888 952 sacro-

85 978 264 1017 sanctae
298 975 516 1018 Trinitati.
553 978 597 1017 et
630 974 826 1027 singulas
850 974 892 1016 in
916 990 967 1017 ea
1000 975 1215 1017 honorare
1249 991 1458 1030 personas
1486 991 1570 1017 non
1599 992 1677 1017 suo
1701 978 1886 1018 tantum.

86 1042 161 1083 sed
207 1044 251 1083 et
295 1041 484 1083 fidelium
528 1041 716 1083 omnium
762 1041 955 1091 nomine,
1007 1041 1130 1083 iuxta
1175 1040 1302 1083 illud:
1357 1041 1669 1084 Benedicamus
1712 1043 1886 1084 Patrem

86 1111 129 1150 et
172 1107 325 1149 Filium
369 1122 465 1149 cum
508 1108 668 1149 Sancto
703 1106 865 1162 Spiritu
902 1129 909 1136 ·
942 1108 1168 1149 laudemus
1211 1110 1255 1150 et
1297 1108 1676 1163 superexaltenms
1710 1123 1805 1150 eum
1846 1108 1888 1149 in

86 1174 302 1216 saecula&
369 1174 489 1216 Tunc
523 1173 772 1216 Sacerdotis
807 1177 874 1216 est
908 1173 1165 1228 Angelicum
1209 1174 1327 1216 obire
1366 1190 1534 1221 munus,
1580 1178 1624 1216 et
1658 1190 1712 1217 ex
1746 1174 1888 1216 animo

86 1255 188 1282 suas
211 1254 362 1295 preces
386 1254 436 1281 eo
460 1240 637 1287 referre,
673 1243 721 1282 ut
754 1240 1016 1285 Sanctus,
1053 1240 1312 1283 Sanctus.
1349 1241 1617 1283 Sanctusl
1654 1241 1796 1283 dicere
1821 1241 1887 1283 uel

87 1309 266 1348 cantare
310 1306 523 1348 uideatur.
590 1306 654 1348 Ac
687 1305 756 1360 pie
788 1305 968 1357 faciunt,
1011 1306 1082 1360 qui
1116 1306 1248 1348 toties
1282 1307 1347 1349 uel
1385 1309 1516 1362 caput
1556 1306 1778 1352 inclinant,
1820 1307 1888 1348 uel

88 1386 230 1426 genua
264 1371 504 1416 inflectunt,
541 1372 710 1426 quoties
734 1372 777 1414 in
799 1373 882 1414 fine
910 1372 1116 1426 cuiusque
1150 1372 1305 1427 psalmi
1340 1372 1554 1427 repetitur
1578 1372 1705 1415 illud:
1743 1372 1889 1414 Gloria

86 1438 209 1480 Patri
243 1441 287 1481 et
320 1438 427 1481 Filio
462 1441 505 1480 et
539 1437 717 1493 Spiritui
752 1438 926 1488 Sancto,
962 1438 1112 1480 diebus
1145 1439 1334 1481 maxime
1368 1438 1617 1487 Dominicis,
1654 1438 1725 1493 qui
1758 1453 1889 1493 pecu-

86 1504 239 1546 liarem
281 1504 465 1559 exigunt
506 1505 679 1546 laudem
713 1508 757 1547 et
790 1504 1033 1558 gratiarum
1067 1505 1283 1547 actionem
1325 1520 1403 1560 pro
1442 1505 1648 1547 ineffabili
1682 1505 1888 1547 beneficio

87 1570 320 1613 creationis
342 1570 490 1613 mundi
514 1573 558 1612 et
582 1570 892 1625 redemptionis
914 1571 1148 1615 hominum.
1179 1574 1222 1613 et
1244 1571 1553 1614 iustificatione
1566 1572 1580 1590 ¹'
1601 1569 1660 1624 [ΡΙ
1684 1571 1886 1613 fidelium.

88 1636 312 1691 Maiorque
344 1639 448 1679 tunc
472 1636 603 1679 animi
625 1636 796 1679 laetitia
830 1652 926 1679 cum
950 1637 1107 1679 Diuino
1131 1638 1249 1680 cultu
1278 1637 1582 1692 conjungenda
1606 1640 1685 1686 est,
1722 1640 1770 1680 ut
1793 1652 1888 1679 cum

87 1702 321 1758 Discipulis
345 1704 397 1745 ob
420 1717 579 1745 nouam
603 1702 763 1744 Christi
796 1703 1160 1745 resurrectionem
1195 1703 1453 1746 exhilaratis
1487 1704 1678 1757 gaudere
1693 1704 1721 1754 ⁵,
1757 1706 1889 1757 atque

87 1768 345 1824 promissam
378 1768 502 1823 regni
535 1768 737 1811 coelestis
770 1769 954 1823 gloriani
993 1784 1090 1811 cum
1122 1769 1279 1812 fiducia
1313 1772 1357 1812 et
1390 1769 1621 1812 alacritate
1655 1784 1812 1825 cupere
1846 1772 1889 1811 et

88 1838 323 1890 expectare
342 1835 577 1877 uideamur.
605 1835 729 1877 Vnde
748 1836 855 1878 duos
872 1835 970 1878 illos
987 1835 1087 1878 fidei
1105 1835 1332 1878 articulos:
1353 1835 1504 1878 Carnis
1524 1835 1889 1878 resurrectionem

88 1904 132 1943 et
164 1900 301 1943 uitam
335 1903 572 1951 aeternam,
608 1916 738 1956 saepe
771 1902 1042 1956 multumque
1076 1901 1352 1944 considerare
1384 1901 1588 1957 expediet
1621 1916 1671 1944 ac
1705 1901 1887 1944 decebit.

562 1973 718 2016 Omnia
752 1974 806 2016 ad
839 1973 1047 2016 maiorem
1080 1974 1183 2016 DEI
1215 1974 1412 2028 gloriam.

209 2056 437 2100 Inscriptioni
474 2056 582 2091 huius
618 2057 877 2093 commentarii.
915 2070 1021 2101 quam
1055 2069 1164 2101 supra
1190 2057 1305 2101 posui,
1337 2058 1376 2092 P.
1398 2059 1525 2091 Petrus
1552 2059 1660 2099 Hmso
1687 2057 1720 2092 S.
1741 2058 1772 2092 J.
1800 2057 1889 2091 haec

87 2111 364 2154 superscripsit:
398 2111 458 2152 „R
480 2111 518 2146 P.
539 2111 638 2145 Petri
666 2111 835 2154 Canisij.“
882 2112 988 2156 Hugo
1016 2114 1148 2147 autem.
1177 2112 1295 2155 patria
1321 2112 1546 2146 lucernensis
1572 2112 1606 2153 11·
1634 2111 1751 2152 16571,
1780 2111 1890 2145 histo-

87 2165 177 2198 riam
205 2164 399 2209 diligenter
426 2164 567 2199 colebat
594 2168 630 2199 et
656 2177 775 2199 rerum
796 2165 932 2199 Canisii
958 2166 1203 2209 peritissimus
1222 2168 1300 2200 erat
1325 2167 1472 2206 &Bm-nh.
1494 2167 1698 2207 Fleaschlin,
1727 2166 1803 2200 Aus
1823 2166 1889 2199 den

89 2218 253 2252 Annalen
280 2218 344 2252 des
372 2217 631 2262 Gynmasiums
658 2231 701 2253 zu
730 2219 878 2257 Luzern,
907 2220 942 2253 in
965 2219 1266 2261 „Monat-Rosen‘*
1290 2220 1423 2257 XXVI.
1452 2220 1592 2254 Luzern
1613 2221 1716 2260 1882,
1744 2219 1825 2257 448.
1855 2222 1891 2253 et

90 2272 204 2309 XXX,
242 2272 381 2306 Luzern
410 2273 513 2313 1886,
550 2272 642 2308 561³.
695 2273 735 2307 111
771 2273 894 2307 111)6110
931 2286 1072 2317 quoque
1109 2273 1275 2318 Friburgi
1312 2274 1565 2308 Helvetiorum
1593 2286 1623 2308 a.
1653 2274 1744 2308 1⁴35ss
1783 2274 1889 2309 edito,

88 2338 195 2370 quem
231 2326 318 2367 dixi,
357 2327 637 2361 connnentarius
672 2327 734 2361 ille
770 2327 905 2361 nomini
934 2328 1069 2362 Canisii
1106 2328 1295 2362 addicitur.
1348 2328 1468 2371 Atque
1497 2330 1533 2362 et
1560 2340 1629 2364 res.
1668 2340 1760 2372 quae
1788 2328 1823 2361 in
1851 2339 1891 2361 eo

88 2380 266 2420 dicuntur,
304 2383 340 2414 et
366 2380 507 2414 dicendi
535 2393 650 2425 genus
687 2381 871 2415 canisiana
898 2384 992 2416 sunt.
1045 2382 1166 2416 Facile
1196 2394 1336 2425 quoque
1365 2382 1461 2415 credi
1488 2384 1620 2425 potest.
1653 2382 1889 2417 sacerdotem.

88 2434 144 2468 cui
165 2434 333 2468 Canisius
360 2434 518 2478 scripsit,
547 2435 757 2469 Helvetium
778 2435 901 2470 fuisse.
942 2435 1056 2477 Quem
1075 2448 1192 2479 neque
1212 2448 1335 2469 curam
1362 2436 1564 2470 animarum
1593 2436 1755 2480 gessisse
1774 2447 1890 2479 neque

88 2488 124 2522 in
150 2500 298 2522 numero
326 2488 578 2522 canonicorum
597 2489 758 2523 divinum
787 2489 946 2523 officium
966 2490 1001 2523 in
1022 2490 1128 2524 choro
1155 2490 1386 2523 recitantium
1415 2490 1528 2524 fuisse
1558 2490 1694 2524 conicio
1716 2502 1768 2531 eo,
1798 2490 1889 2533 quod

89 2542 257 2576 Canisius
291 2554 408 2585 neque
446 2554 552 2576 curae
589 2543 789 2576 animarum
826 2555 943 2587 neque
971 2544 1069 2578 chori
1097 2544 1315 2577 mentionem
1344 2544 1443 2578 fecit.
1497 2544 1601 2578 Unde
1628 2544 1717 2577 mihi
1746 2544 1888 2587 quidem

88 2596 273 2640 probabile
308 2608 379 2630 non
415 2599 487 2637 est,
525 2597 822 2631 commentarium
855 2609 876 2631 a
903 2597 1048 2631 Canisio
1084 2597 1304 2631 destinatum
1343 2609 1423 2631 esse
1460 2597 1675 2632 Sebastiano
1703 2598 1889 2632 Verronio.

87 2650 243 2693 parocho
276 2649 519 2693 canonicoque
546 2650 778 2695 friburgensi,
813 2663 919 2694 quem
946 2651 1008 2685 ille
1035 2651 1145 2685 simili
1181 2652 1437 2685 commentario
1465 2652 1508 2685 ad
1536 2652 1656 2686 studia
1685 2652 1886 2696 theologica

90 2706 188 2737 recte
216 2703 363 2737 colenda
392 2703 571 2743 instituit·,
600 2704 645 2738 cf.
674 2704 779 2745 infra,
808 2717 861 2748 ep.
884 2705 988 2739 2249.

209 2786 237 2817 a)
258 2789 296 2812 ΙΙ.
319 2789 387 2812 leui«-
409 2796 432 2812 Γ,
452 2789 646 2819 praepa-suit:
672 2788 721 2814 VI.
819 2788 848 2820 b)
869 2790 935 2821 Nn,-
954 2790 1005 2813 sed
1029 2798 1070 2814 ιϊ.
1093 2790 1296 2814 'maleredenliu
1325 2791 1441 2820 ari-tare
1472 2791 1618 2819 ridentur,
1646 2793 1675 2813 m
1703 2790 1890 2819 ‹·n›*t·¹'1111!e‹›·.·

89 2829 328 2854 iustificationis

215 2908 220 2925 ¹
250 2908 298 2942 Ps
327 2909 405 2947 137,
436 2909 465 2942 1.

212 2962 223 2979 “-’
251 2962 299 2996 Ρ5
322 2963 378 3003 83,
409 2962 462 2996 10.
507 2962 607 2996 Haec
625 2963 736 2996 verba
762 2963 828 2997 hoc
857 2963 933 2997 loco
960 2974 1080 2998 sensu.
1109 2966 1149 2997 ut
1175 2963 1244 2997 dici
1272 2963 1376 2997 solet.
1405 2963 1684 3009 accmnmodato,
1713 2974 1781 2996 non
1809 2962 1886 2996 lite-

90 3016 157 3050 rali
184 3019 374 3059 ponuntur.

212 3068 224 3086 ³
251 3070 350 3103 Haec
377 3070 488 3104 verba
516 3071 745 3104 Brevem-imm
775 3083 962 3103 romanum
991 3071 1026 3103 in
1046 3070 1229 3104 Laudibus
1247 3071 1457 3104 Dominicae
1486 3070 1626 3104 cantico
1653 3070 1777 3104 Trium
1804 3083 1886 3114 pue-

90 3135 209 3157 rorum
235 3124 304 3165 tDn
331 3125 363 3165 3,
392 3124 545 3158 57j88‘]
581 3124 747 3168 adiungit
773 3127 809 3158 et
835 3124 870 3157 in
902 3123 1115 3165 „Precibus“
1147 3124 1381 3167 Completorii
1416 3124 1526 3167 ponit.
1580 3124 1715 3157 Eadem
1744 3124 1778 3157 in
1805 3124 1888 3158 aliis

91 3188 232 3220 quoque
268 3177 401 3211 officiis
436 3177 581 3218 divinis,
618 3181 658 3211 ut
685 3178 720 3211 in
752 3178 1000 3221 ..processione
1037 3190 1100 3221 pro
1137 3177 1336 3222 gratiarum
1372 3177 1534 3211 action&
1576 3180 1612 3211 et
1639 3177 1673 3211 in
1702 3177 1888 3220 exsequiis

91 3231 323 3274 parvulorum
351 3231 529 3265 dicuntur.
678 3231 691 3248 ⁴
719 3232 753 3264 ls
780 3232 812 3266 43.
840 3231 871 3265 3.
919 3232 995 3275 Ape
1022 3232 1054 3272 4,
1082 3234 1114 3266 8.
1264 3230 1277 3249 ⁵
1304 3231 1357 3266 Cf.
1388 3232 1423 3264 lo
1450 3232 1506 3272 ⁴20,
1535 3232 1590 3265 20.
