2073 3510
531 222 706 266 Friburgo
736 221 984 255 Helvetiorum
1019 223 1044 256 l.
1068 222 1251 256 Februarii
1285 223 1373 257 1593
1770 227 1847 268 35]

53 347 89 392 si
121 346 215 401 quis
247 360 333 387 non
367 343 612 387 intrauerit.
648 343 716 384 vel
742 358 765 384 a
791 357 874 396 quo
898 342 932 383 si
958 342 1054 396 quis
1078 343 1278 394 exiuerit,
1315 359 1337 385 a
1364 359 1439 399 spo
1464 345 1582 387 vitae
1616 360 1665 387 ac
1700 346 1858 388 salutis

0 429 2 453 :
54 415 256 457 aeternae
290 410 457 453 alienus
491 412 570 452 est.
623 408 751 451 Libro
785 411 824 450 4.
861 408 913 450 (le
947 423 1052 450 vera
1086 409 1271 463 sapient
1308 425 1400 464 cap.
1438 410 1542 452 vlt.¹

170 495 432 538 PROENDE
483 492 689 548 quidquid
738 492 838 534 noui
888 492 1059 534 demum
1109 494 1368 547 obstrepant
1418 494 1685 541 Aristarchi,
1740 495 1854 536 haud

54 562 215 607 inuitus
242 576 323 615 ego
358 560 529 602 illorum
553 558 778 601 subscribo
802 558 1061 607 sententiae,
1099 558 1352 600 Grauissimi
1380 559 1473 605 viri,
1510 559 1578 613 qui
1615 560 1859 615 suspiciunt

53 644 102 673 ac
134 627 390 684 praedicant
416 629 466 668 vt
489 624 770 681 superiorem,
806 624 868 667 ita
891 627 1167 679 praesentem
1198 624 1474 679 Reipublicae
1499 629 1674 668 vestrae
1698 628 1857 681 guber-

52 695 293 742 nationem,
340 693 383 735 in
430 707 516 747 qua
561 690 834 746 comperiunt
876 690 994 732 Fidei
1041 706 1215 732 cessare
1261 691 1585 737 ‹<‹mteutiones,
1633 692 1859 734 doctrinae

53 760 228 805 dissidia
261 759 567 806 conticescere,
603 757 717 800 inter
751 759 983 811 Vtrumque
1018 757 1249 799 conuenire
1284 757 1608 811 Magistratum,
1653 774 1856 813 magnam

52 828 195 882 legum
219 828 352 880 atque
376 824 575 867 ordinum
599 823 875 866 concordiam
900 838 950 865 ac
974 822 1342 877 tranquillitatem
1368 826 1435 865 tot
1459 823 1583 865 annis
1607 824 1857 879 persistme,

52 908 129 936 nec
161 891 303 934 minus
337 891 508 946 quidem
543 891 707 932 laetum
743 893 787 932 et
820 889 991 931 felicem
1020 889 1178 931 durare
1212 904 1461 931 successum
1496 890 1632 932 totius
1666 890 1858 945 politiae.

0 979 5 1001 ·.
53 973 218 1002 summo
261 957 462 1000 nimirum
507 958 600 999 Deo
641 956 750 998 haec
797 955 1043 998 constantis
1089 958 1265 998 vestrae
1311 955 1490 1011 pietatis
1533 955 1699 1005 studia,
1748 970 1861 1010 quae

52 1024 266 1068 mirantur
301 1023 432 1066 etiam
468 1022 725 1077 aduersarij.
760 1022 939 1064 mirifice
972 1022 1241 1064 fortuuante.
1298 1022 1457 1064 Missas
1491 1021 1665 1064 interim
1698 1021 1858 1065 facitis.

0 1124 2 1133 .
53 1093 96 1133 et
128 1089 364 1146 exploditis
397 1089 633 1139 stultas,
670 1091 719 1131 vt
751 1089 914 1130 Paulus
947 1088 1154 1143 appellat.
1191 1088 1533 1143 quaestiones
1567 1091 1617 1130 et
1650 1091 1862 1131 conten-

53 1157 259 1207 tiones,
302 1170 631 1211 pugnasque
674 1154 863 1209 legis²‚
909 1169 1020 1209 quae
1053 1169 1139 1197 non
1172 1157 1404 1210 praestant
1437 1154 1708 1197 auditoribus
1743 1153 1862 1196 aedi-

0 1240 9 1257 ·=
52 1224 320 1273 ficationem,
365 1222 441 1265 sed
484 1222 605 1264 rixas
648 1221 793 1277 potius
836 1221 1134 1276 implacabiles
1176 1222 1354 1276 pariunt
1369 1223 1396 1271 ³³,
1441 1236 1491 1263 ac
1534 1220 1697 1276 passim
1740 1220 1860 1275 vulgi

3 1308 8 1330 r
53 1289 218 1333 animos
251 1292 343 1331 tam
377 1288 535 1331 misere
569 1303 698 1342 quam
722 1287 963 1343 perniciose
987 1287 1250 1337 distrahunt,
1286 1287 1475 1330 maxime
1499 1287 1598 1329 dum
1633 1286 1863 1342 litigantes

52 1355 133 1412 ipsi
174 1370 314 1410 neque
358 1356 471 1398 inter
514 1369 574 1406 se,
617 1369 757 1409 neque
801 1370 897 1396 cum
941 1353 1039 1408 alijs
1082 1354 1313 1397 conuenire
1347 1356 1543 1409 possunt,
1589 1353 1713 1408 quasi
1746 1368 1862 1395 noua

53 1435 222 1477 semper
254 1421 421 1476 praelia
453 1420 718 1464 meditantes
752 1423 885 1475 atque
919 1420 1228 1475 parturientes.
1280 1421 1370 1462 Vos
1404 1420 1560 1462 mirum
1595 1419 1726 1471 dictu,
1774 1434 1862 1462 vna

0 1498 17 1533 ’ἑ
53 1487 214 1531 veteris
236 1487 461 1530 Ecclesiae
484 1487 567 1530 fide
591 1487 797 1537 contenti,
832 1502 919 1530 non
945 1487 1072 1529 modo
1106 1487 1220 1529 sicut
1253 1487 1520 1529 columbae
1554 1486 1861 1542 simplices&

54 1553 159 1597 rixis
193 1553 377 1604 omissis,
413 1556 458 1596 et
491 1554 645 1596 decore
679 1553 919 1596 modestiae
953 1553 1275 1609 pudicitiaeque
1309 1556 1582 1599 conseruato,
1628 1553 1860 1595 candorem

14 1651 16 1655 -
54 1623 246 1663 veterem
280 1620 492 1671 retinetis,
528 1634 679 1663 verum
713 1620 845 1663 etiam
880 1623 929 1662 vt
961 1620 1067 1676 pulli
1100 1621 1212 1663 fidae
1246 1620 1374 1662 matri
1409 1635 1631 1674 nunquam
1664 1635 1749 1662 non
1784 1620 1861 1662 ad·

53 1687 297 1737 haerentes,
333 1688 412 1729 sub
447 1686 527 1729 alis
552 1686 643 1729 eius
671 1701 822 1729 secure
846 1686 1153 1741 conquiescitis
1167 1687 1194 1739 ⁵,
1230 1701 1369 1741 neque
1393 1686 1530 1729 multo
1555 1686 1695 1737 aliter,
1732 1700 1862 1740 quam

55 1753 124 1807 qui
157 1752 319 1796 turbidi
353 1753 486 1796 maris
528 1754 744 1809 procellas
777 1756 1054 1809 superarunt,
1099 1753 1288 1796 secundo
1323 1753 1446 1807 quasi
1481 1755 1613 1795 vento
1656 1752 1699 1794 in
1732 1754 1862 1807 portu

12 1839 15 1863 ι
54 1819 286 1874 nauigatis.
337 1820 480 1870 Quare
513 1835 609 1863 cum
643 1820 808 1875 inclyto
842 1821 963 1875 Rege
991 1820 1159 1862 Dauide
1194 1820 1265 1874 qui
1300 1820 1575 1862 commissum
1611 1818 1690 1861 sibi
1724 1833 1863 1873 popu-

0 1898 13 1927 ὃ
54 1886 141 1929 111111
189 1900 400 1941 generose
449 1887 733 1941 gubernauit,
785 1886 908 1929 vobis
954 1887 1087 1930 etiam
1133 1887 1254 1941 Reip.
1306 1885 1656 1928 moderatorilnis
1706 1885 1863 1927 merito

55 1952 270 1995 canticum
303 1952 408 1995 illud
442 1955 641 2008 repetere
675 1953 798 1996 licet:
834 1954 1004 1995 EooE
1049 1968 1206 2008 quam
1246 1955 1348 1996 bon
1363 1968 1386 1994 u
1400 1968 1464 2003 111,
1509 1956 1563 1995 et
1596 1967 1753 2007 quam
1788 1951 1862 1994 iu-

55 2019 285 2062 cundum
318 2019 582 2062 habitare
615 2021 834 2063 fratres
869 2020 919 2062 in
954 2036 1135 2062 vnum:
1171 2021 1411 2074 quoniam
1446 2019 1556 2061 illic
1591 2018 1864 2062 mandauit

55 2085 318 2128 Dominus
351 2086 846 2129 benedictionem&

175 2164 406 2206 Caeterum
440 2167 489 2207 vt
522 2165 703 2207 cauendi
746 2165 880 2220 taedij
926 2180 1071 2215 causa,
1116 2166 1227 2208 lianc
1268 2165 1359 2207 siue
1394 2164 1725 2220 praefationem7
1770 2164 1865 2206 siue

10 2226 13 2280 ξ·
57 2230 371 2273 dedicationem
395 2231 529 2273 semel
553 2231 792 2283 absoluam,
822 2231 915 2273 Viri
941 2231 1208 2287 amplissimi.
1246 2234 1410 2286 quanto
1434 2231 1571 2273 maior
1595 2234 1663 2273 est
1686 2233 1863 2273 vestrae

10 2305 12 2319 '
56 2296 233 2353 pietatis
257 2297 618 2353 constantiaeque
644 2298 836 2349 claritas,
862 2299 962 2341 dum
986 2314 1072 2340 non
1095 2299 1234 2340 solum
1258 2297 1408 2340 inuicti
1432 2312 1510 2352 pro
1535 2297 1673 2340 veteri
1696 2297 1865 2352 pietate

0 2389 2 2399 ›
58 2366 101 2406 et
142 2363 388 2406 orthodoxa
429 2364 512 2406 fide
555 2364 749 2415 certatis,
795 2365 870 2407 sed
914 2365 1046 2407 etiam
1089 2367 1294 2420 potenter
1337 2364 1379 2406 in
1422 2365 1504 2406 hac
1538 2363 1701 2406 ditione
1734 2364 1865 2418 longe

56 2429 231 2483 lateque
263 2429 443 2480 floretis,
478 2444 558 2472 nec
591 2430 732 2472 minus
764 2431 993 2473 literarum
1027 2446 1077 2473 ac
1110 2431 1400 2473 literatorum.
1437 2445 1565 2484 quam
1599 2430 1779 2485 pietatis
1813 2445 1865 2472 ac

0 2485 11 2522 Γ
58 2494 234 2538 virtutis
277 2498 497 2538 amatores
537 2498 670 2550 atque
712 2497 910 2540 fautores
953 2512 1048 2540 esse
1082 2496 1358 2540 contenditis.
1404 2499 1529 2539 tanto
1564 2496 1726 2539 rectius
1759 2496 1861 2538 mihi

0 2589 3 2599 ›
59 2561 287 2604 conuenire
322 2561 439 2611 duxi,
484 2565 533 2605 vt
565 2577 775 2618 praesens
809 2578 929 2619 opus,
976 2564 1275 2618 qualecunque
1315 2563 1397 2605 hoc
1435 2563 1580 2610 fuerit,
1616 2565 1765 2605 vestro
1800 2562 1865 2604 di-

60 2630 203 2670 catum
236 2627 398 2670 nomini
432 2631 646 2683 appareat
679 2628 722 2670 in
755 2629 940 2684 publico,
977 2644 1027 2672 ac
1061 2644 1184 2672 meae
1218 2629 1259 2671 in
1284 2644 1362 2671 vos
1397 2629 1703 2671 obseruantiae
1737 2642 1865 2682 aper-

59 2696 151 2735 tum
174 2695 385 2749 praebeat
408 2695 676 2749 symbolum:
703 2696 816 2750 quod
835 2710 990 2738 munus
1010 2698 1059 2738 vt
1077 2695 1202 2750 aequi
1226 2695 1413 2749 bonique
1437 2694 1676 2737 consulatis
1700 2708 1863 2743 omnes,

0 2770 11 2797 ³²
60 2759 190 2801 etiam
225 2762 357 2814 atque
391 2760 523 2802 etiam
558 2776 677 2815 rogo.
729 2762 852 2804 Bona
884 2761 1058 2804 interim
1083 2761 1347 2804 conscientia
1382 2761 1536 2803 testari
1572 2775 1760 2815 possum,
1796 2773 1865 2800 me

0 2852 1 2862 1
60 2825 223 2868 nullum
257 2826 448 2881 suscepti
482 2826 657 2877 laboris,
702 2842 753 2869 ac
786 2827 889 2870 editi
925 2827 1067 2883 operis
1106 2827 1347 2882 praemium
1381 2842 1406 2869 a
1439 2825 1562 2868 vobis
1601 2824 1862 2881 praestolari

6 2942 10 2949 ¹
62 2905 111 2933 ac
142 2894 314 2946 petere:
357 2892 459 2946 quin
493 2895 537 2935 et
570 2893 810 2948 cupiditate
845 2894 1031 2947 quadam
1067 2893 1212 2948 rapior
1245 2893 1385 2935 maius
1425 2895 1470 2934 et
1502 2891 1655 2934 melius
1689 2891 1863 2939 donum,

0 2970 3 2974 '
62 2956 96 2999 si
128 2957 303 3012 possim,
348 2958 554 3001 offerendi
598 2962 689 3000 tam
731 2959 946 3001 honorato
990 2962 1034 3001 et
1077 2961 1232 3000 ornato
1275 2957 1496 3000 consessui
1531 2960 1691 3007 vestro,
1737 2970 1862 3010 quem

0 3018 2 3049 ἶ
63 3022 206 3065 diuina
234 3024 407 3066 bonitas
433 3024 646 3066 hactenus
679 3024 721 3066 111
754 3024 892 3067 tantis
925 3024 1128 3079 periculis
1162 3039 1210 3066 ac
1245 3022 1582 3079 tempestatibus
1606 3021 1866 3063 mirabiliter

186 3167 192 3184 ¹
223 3167 246 3201 l.
267 3181 295 3201 e.
317 3180 392 3211 cap.
413 3170 459 3201 :30
499 3169 629 3210 illium,
662 3168 696 3202 Ι).
721 3168 781 3202 lat.
803 3167 863 3202 Vl.
892 3168 961 3200 ’.Ἦ-14)
1013 3168 1104 3200 5453.

183 3221 195 3238 ”-’
221 3221 281 3255 Tit
307 3222 339 3256 3.
368 3223 408 3257 ΞΜ
437 3223 458 3255 2
484 3221 564 3255 Tim
592 3224 623 3257 2,
652 3223 707 3256 2253.
822 3222 834 3237 ³'·
862 3221 914 3255 (Ὗ.
938 3222 950 3254 1
984 3221 1061 3254 'l‘im
1097 3222 1122 3254 1.
1152 3222 1192 3255 4:
1229 3223 1248 3254 2
1276 3220 1354 3254 'l‘im
1384 3223 1415 3254 2.
1444 3221 1475 3254 «1.
1608 3220 1612 3237 ¹
1645 3221 1693 3253 Mt
1728 3220 1779 3254 10,
1808 3221 1864 3252 εἰεί.

183 3274 196 3291 ⁵
223 3275 276 3309 (Ὺ.
298 3276 352 3309 Mt
378 3277 433 3310 253.
462 3276 524 3310 537:
557 3275 601 3308 111·
635 3277 684 3309 153.
714 3276 770 3309 ΣΗ,
919 3275 932 3289 ‘³
962 3275 1008 3307 l's
1042 3276 1115 3308 1:32.
1150 3276 1158 3307 l
1193 3276 1223 3308 51.
