2073 3510
172 193 256 233 144
700 186 805 221 2168.
838 186 1006 221 Canisius
1034 186 1183 222 Claudio
1210 187 1436 232 Aquavivae.

290 311 328 352 3.
364 309 530 351 querit
552 308 700 363 plures
725 322 855 362 quam
878 323 1010 350 unum
1035 309 1263 352 Germanis
1293 310 1446 352 adesse
1469 310 1660 353 Nuntios
1683 311 1974 366 Apostolicos,

165 378 240 432 qui
282 376 464 419 subinde
498 375 862 430 Archiepiscopos
905 377 950 417 et
981 376 1223 431 Episcopos
1265 379 1485 427 moneant,
1530 377 1737 428 excitent,
1782 378 1977 420 animent

165 446 301 498 atque
345 443 614 493 confirment,
659 442 732 496 qui
774 456 871 483 cum
914 443 1180 497 principibus
1223 443 1356 485 etiam
1395 443 1630 486 Catholicis
1669 444 1821 495 multa,
1866 458 1977 499 quae

164 510 297 552 scribi
331 510 406 551 uix
439 511 625 564 possunt
658 508 900 559 conferant,
946 511 990 551 et
1024 509 1077 551 ab
1120 509 1205 551 illis
1248 510 1439 551 uicissim
1473 510 1666 560 audiant,
1711 510 1766 552 ad
1800 525 1977 553 causam

164 577 266 619 fidei
299 579 344 619 et
376 576 674 618 Ecclesiarum
715 575 954 618 utilitatem
994 576 1157 618 rectius
1189 577 1543 631 promouendam.
1609 577 1725 619 Nam
1759 577 1831 632 qui
1862 591 1977 619 nunc

166 644 381 686 Nuntium
397 642 701 698 Apostolicum
725 642 819 696 agit
841 643 884 684 in
905 642 1138 684 Germania
1155 643 1179 693 ¹,
1204 643 1248 684 in
1272 645 1472 685 extrema
1494 644 1586 685 eius
1608 646 1735 699 parte
1759 646 1975 695 uersatur,

166 712 212 752 et
245 709 421 752 Caesari
455 709 577 751 uelut
611 709 832 763 alligatus,
867 723 1023 764 parum
1055 709 1217 751 habere
1252 709 1497 764 commercij
1532 712 1681 765 potest
1714 724 1811 752 cum
1843 710 1977 752 Prae-

164 777 282 827 latis,
315 776 614 831 Principibus²¹
637 777 682 817 et
705 775 958 817 ciuitatibus
980 775 1132 830 procul
1155 775 1333 826 dissitis,
1369 778 1523 830 estque
1547 776 1779 818 admodum
1802 776 1977 818 difficile

165 845 212 885 et
246 842 492 893 molestum,
529 842 583 884 ad
614 842 729 884 hunc
761 842 976 884 Nuntium
1009 855 1064 884 ex
1097 843 1165 884 tot
1189 842 1448 885 Germaniae
1480 842 1588 884 locis
1620 842 1786 884 referre
1819 842 1975 885 omnia.

164 909 289 960 Quod
322 909 359 951 si
383 909 626 951 Germanus
658 909 910 950 mitteretur
936 908 1142 959 Nuntius,
1179 908 1543 962 quemadmodum
1575 909 1620 950 in
1651 909 1863 964 proximis
1886 908 1977 951 Au-

164 978 325 1030 gustae
359 975 556 1029 Comitijs
598 989 669 1017 res
702 975 798 1029 ipsa
831 974 979 1016 docuit
993 974 1020 1025 ²,
1064 974 1202 1017 multo
1236 975 1273 1016 is
1316 974 1489 1029 quidem
1524 975 1752 1017 Germanis
1794 975 1976 1029 gratior,

166 1045 213 1085 et
247 1042 301 1084 ad
335 1056 405 1084 res
444 1041 703 1084 tractandas
743 1041 890 1083 utilior
922 1040 1017 1083 fore
1051 1041 1237 1092 uidetur,
1280 1042 1542 1096 praesertim
1576 1041 1690 1096 quod
1724 1042 1777 1083 ab
1812 1040 1978 1084 exteris

167 1111 402 1162 utcumque
437 1108 641 1150 Germani
684 1108 963 1158 abhorreant,
1008 1110 1053 1150 et
1095 1108 1139 1149 in
1179 1107 1319 1150 latina
1360 1107 1511 1162 lingua
1543 1110 1637 1150 tum
1669 1107 1840 1162 Nuntij,
1883 1109 1978 1150 tum

166 1175 372 1217 Germani
406 1188 537 1229 saepe
569 1174 712 1216 minus
746 1188 841 1216 esse
875 1174 1047 1216 soleant
1080 1175 1326 1217 exercitati.

287 1250 327 1289 4.
363 1247 543 1297 querit,
580 1261 605 1288 a
639 1246 679 1288 S.
701 1246 752 1288 D.
773 1246 827 1288 N.
864 1246 1067 1301 deputari
1100 1247 1302 1301 aliquem,
1338 1247 1412 1301 qui
1446 1247 1728 1289 Germanicas
1751 1246 1977 1289 Vniuersi-

166 1316 284 1356 tates
327 1313 499 1355 uisitari
541 1327 592 1355 ac
634 1313 878 1363 reformari,
923 1313 1117 1368 ipsarum
1150 1313 1355 1356 Patronis
1397 1314 1489 1355 siue
1522 1313 1846 1369 protectoribus
1877 1326 1977 1367 per-

164 1379 363 1422 suadeat.
414 1379 510 1421 Hoc
534 1380 570 1421 si
594 1379 780 1421 obtineri
802 1382 965 1434 posset,
1000 1380 1261 1434 praesertim
1284 1380 1328 1421 in
1350 1380 1446 1435 ipsa
1469 1380 1722 1422 uisitatione
1744 1380 1978 1434 praesente

166 1446 332 1488 Nuntio
357 1445 625 1501 Apostolico,
661 1446 880 1488 iuuentuti
904 1446 1189 1488 Germanicae
1219 1447 1381 1501 optime
1414 1446 1728 1496 consuleretur,
1765 1448 1809 1488 et
1831 1444 1977 1487 studia

165 1526 278 1566 quae
310 1526 424 1554 nunc
457 1512 621 1567 passim
654 1512 812 1563 iacent,
856 1513 1119 1568 praesertim
1153 1513 1431 1567 Theologica,
1475 1513 1655 1568 pulchre
1695 1512 1881 1562 restitui,
1926 1525 1977 1553 ac

165 1578 414 1633 plaerisque
438 1578 763 1621 Ecclesiasticis
787 1581 832 1621 et
855 1593 1004 1621 eorum
1028 1579 1274 1634 seminarijs
1302 1582 1395 1621 tum
1428 1580 1472 1621 in
1494 1579 1590 1630 fide,
1626 1581 1719 1621 tum
1742 1579 1785 1620 in
1807 1592 1977 1620 morum

165 1644 396 1699 disciplina
428 1645 723 1695 instituendis,
759 1645 844 1687 imo
869 1648 913 1687 et
936 1646 1238 1688 sustentandis
1262 1648 1384 1688 certa
1406 1646 1505 1687 iniri
1527 1646 1640 1688 ratio
1664 1647 1825 1700 posset.
1861 1644 1976 1686 Nam

166 1725 223 1752 ex
255 1711 380 1753 bonis
415 1711 736 1762 ecclesiasticis,
782 1726 893 1766 quae
926 1713 970 1753 in
1002 1726 1164 1767 prauos
1203 1726 1334 1766 saepe
1375 1726 1478 1754 usus
1511 1713 1756 1761 transeunt,
1802 1710 1976 1752 difficile

164 1792 252 1819 non
286 1779 403 1819 esset
435 1780 607 1831 partem
641 1778 832 1832 aliquam
866 1781 1117 1833 sumptuum
1152 1778 1394 1828 corradere,
1431 1778 1543 1820 unde
1576 1778 1677 1820 boni
1710 1776 1974 1828 sacerdotes,

165 1843 296 1884 immo
340 1845 384 1885 et
428 1843 622 1897 religiosi
665 1844 841 1898 quidam
883 1845 926 1886 in
969 1845 1074 1899 ipsis
1107 1845 1494 1895 Vniuersitatibus,
1540 1844 1712 1899 quando
1756 1843 1859 1885 alibi
1890 1857 1977 1885 non

165 1909 268 1951 licet
301 1924 445 1964 saepe,
480 1925 640 1964 magno
675 1925 772 1952 cum
805 1911 952 1953 fructu
987 1911 1222 1953 alerentur.

287 1982 325 2023 5.
361 1982 539 2033 querit,
576 1983 769 2025 eiusdem
802 1983 1020 2038 pontificis
1054 1983 1325 2026 authoritate
1358 1983 1546 2038 aliquem
1570 1983 1790 2033 constitui,
1826 1981 1898 2036 qui
1921 1981 1976 2024 ad

167 2048 408 2102 Episcopos
452 2051 496 2090 et
538 2048 756 2104 principes
799 2050 1038 2092 catholicos
1076 2050 1248 2101 missus,
1294 2064 1464 2092 onmem
1506 2050 1759 2104 interponat
1799 2063 1976 2103 operam

164 2114 219 2155 ad
253 2114 449 2156 tollenda
482 2129 631 2157 eorum
666 2115 857 2167 dissidia,
893 2130 1004 2170 quae
1038 2118 1218 2171 propter
1243 2115 1600 2158 Ecclesiasticam
1633 2114 1975 2157 iurisdictionem

164 2180 279 2222 inter
299 2180 554 2223 Ordinarios
578 2184 622 2224 et
644 2182 863 2237 principes
886 2183 977 2225 siue
1001 2182 1291 2236 magistratus
1314 2182 1569 2236 frequenter
1591 2182 1800 2231 incidunt,
1834 2195 1975 2235 neque

164 2246 304 2288 solum
338 2246 654 2302 Episcoporum
687 2248 957 2290 functionem
990 2249 1244 2303 impediunt,
1285 2248 1362 2291 sed
1396 2251 1440 2291 et
1472 2247 1811 2290 Ecclesiasticae
1843 2247 1974 2290 liber-

164 2312 247 2353 tati
281 2313 596 2367 praeiudicant,
641 2316 686 2356 et
728 2314 927 2369 religioni
970 2317 1073 2356 sunt
1115 2315 1371 2369 perniciosa.
1438 2314 1559 2364 Quod
1593 2315 1629 2356 si
1661 2314 1830 2356 malitia
1862 2316 1974 2356 tem-

164 2393 318 2431 porum
352 2381 396 2420 et
430 2380 647 2434 cupiditas
679 2380 901 2422 hominum
924 2381 1139 2435 prohibet,
1176 2396 1259 2435 quo
1282 2381 1425 2422 minus
1447 2380 1693 2423 huiusmodi
1726 2380 1974 2422 simultates

164 2446 209 2486 et
242 2444 555 2487 altercationes
588 2460 611 2488 e
644 2447 785 2489 medio
819 2447 927 2498 tolli,
973 2450 1017 2489 et
1060 2447 1281 2489 discordes
1324 2447 1378 2489 ad
1421 2447 1658 2501 optandam
1698 2446 1974 2489 concordiam

166 2511 364 2552 reuocari
396 2512 580 2565 possint,
616 2515 765 2554 tamen
798 2528 1004 2567 magnam
1038 2513 1119 2555 sibi
1152 2513 1503 2555 beneuolentiam
1526 2513 1661 2555 Pont:
1696 2513 1823 2555 Max:
1859 2512 1973 2568 apud

164 2578 316 2630 partes
349 2577 661 2629 conciliauerit,
710 2579 823 2633 quod
866 2593 913 2621 se
956 2594 1107 2621 uerum
1151 2582 1195 2621 et
1236 2582 1460 2634 pastorem
1494 2581 1538 2621 et
1570 2579 1855 2622 mediatorem
1887 2579 1973 2621 illis

165 2642 353 2685 uoluerit
386 2643 604 2686 exhibere.

286 2710 324 2750 6.
360 2709 527 2752 querit
560 2724 657 2752 cum
681 2710 811 2752 Caes:
847 2711 957 2753 Mai:
993 2711 1207 2753 salutaria
1230 2711 1429 2753 conferre
1457 2711 1638 2753 consilia
1670 2711 1723 2753 de
1745 2711 1825 2761 his,
1861 2725 1972 2766 quae

163 2774 219 2816 ad
253 2789 466 2817 suminam
506 2776 827 2819 haereticorum
869 2777 1161 2832 petulantiam
1204 2777 1524 2827 refrenandam,
1570 2780 1614 2819 et
1657 2777 1711 2819 ad
1754 2776 1971 2819 iusticiam

285 2867 312 2897 a)
335 2871 368 2894 In
390 2871 501 2895 archer.
525 2879 600 2896 corr.
624 2879 660 2895 ez·
680 2870 908 2903 Principalibus

289 2971 295 2988 ¹
328 2972 478 3005 loannes
498 2972 716 3007 Franciscus
736 2973 958 3007 Bonhomius
985 2973 1177 3017 opiscopus
1196 2974 1444 3010 vercellensis.
1473 2987 1494 3008 a
1514 2973 1687 3019 Gregorio
1706 2973 1805 3008 XIII.
1827 2973 1872 3008 ad
1898 2973 1969 3007 Ru-

163 3025 335 3068 dolphuin
366 3026 407 3060 ll.
438 3026 691 3069 imperatorem
723 3027 876 3071 legatus.
928 3027 1039 3061 Cuius
1067 3030 1215 3061 exstant
1242 3028 1387 3062 litterae
1407 3028 1618 3062 Vindobona
1646 3029 1677 3062 ἵ).
1700 3028 1855 3062 Ianuarii
1879 3028 1969 3062 1583

163 3079 270 3112 (latae
298 3080 391 3122 apud
422 3081 598 3123 Bertlli'er,
627 3080 739 3115 Bonh.
765 3082 963 3116 118**-*ll9.

285 3134 297 3150 ²
329 3134 364 3167 ln
392 3134 449 3167 liis
478 3134 618 3177 imperii
648 3135 815 3175 comitiis,
851 3148 881 3170 a.
906 3136 996 3169 1:382
1024 3136 1169 3172 habitis.
1206 3136 1401 3170 cardinalis
1429 3136 1636 3170 Ludos-icus
1664 3136 1869 3170 Madrutius
1896 3136 1966 3180 epi-

162 3198 296 3230 scopus
334 3187 554 3221 tridentinus
592 3188 752 3232 legatum
789 3190 972 3232 pontificis
1008 3202 1139 3233 inagna
1176 3203 1255 3224 cuin
1287 3190 1388 3224 laude
1421 3194 1565 3234 egerat:
1603 3191 1685 3224 vido
1715 3192 1891 3225 121¹ast0r
1918 3190 1965 3224 lX

162 3240 248 3274 ι’)θζῗἶ
285 3241 363 3275 594.

2071 1123 2073 1163 A

2071 1166 2073 1198 1

2072 1285 2073 1333 i
