2073 3510
566 189 739 233 Friburgo
768 189 1017 222 Helvetiorum
1047 189 1140 223 circu
1169 202 1199 224 u.
1226 191 1324 225 mss,
1758 195 1844 235 273

43 311 203 365 aliquid
251 312 396 365 legere
446 310 681 365 profuerit,
737 313 783 352 ut
826 324 974 351 eorum
1018 309 1148 352 etiam
1203 326 1314 364 quae
1358 312 1440 354 iam
1486 316 1587 355 ante
1631 313 1841 358 nouimus.

43 376 251 419 memoria
283 376 406 418 nobis
440 375 670 418 refricetur
704 378 835 429 atque
869 375 1131 417 stabiliatur.

163 443 391 484 Caeterum
427 442 538 495 quod
574 441 628 483 ad
663 441 851 483 Biblicos
884 440 1017 482 libros
1048 441 1222 491 attinet,
1258 442 1407 484 dubito
1432 444 1641 497 equidem,
1679 460 1732 486 an
1767 460 1844 486 ex-

42 507 202 563 pediat,
247 507 505 562 praesertim
540 506 885 549 sacerdotalibus
925 522 975 548 ac
1008 507 1303 561 pastoralibus
1338 508 1493 562 officijs
1527 514 1751 564 occupato,
1798 514 1845 553 ut

41 574 86 616 in
118 573 203 615 illis
236 573 523 627 perlegendis,
559 576 603 615 et
627 573 681 615 ad
706 572 936 627 primarias
970 572 1142 625 linguas
1170 576 1378 628 tanquam
1404 576 1549 617 fontes
1574 577 1842 621 reuocandis,

42 642 175 694 atque
208 640 322 682 inter
355 656 400 681 se
435 639 720 689 conferendis,
765 639 836 681 diu
876 642 920 681 et
959 642 1164 681 accurate
1209 642 1420 682 uersetur.
1475 642 1565 695 Ego
1604 642 1713 684 satis
1752 644 1844 683 for(¹

41 706 244 761 putarim,
270 720 419 747 sacros
438 705 599 748 ueteris
617 705 803 759 nouique
822 705 1076 747 testamenti
1100 705 1234 747 libros
1258 705 1318 748 ita
1343 706 1489 760 legere
1515 710 1561 749 ut
1585 711 1844 761 argumenta

42 772 212 814 illorum
246 775 291 814 et
324 772 469 827 capita
502 771 735 827 praecipua
770 774 1103 825 cognoscantur.
1151 772 1207 814 -ld
1242 786 1345 813 uero
1377 774 1465 820 fiet,
1501 773 1534 814 si
1571 788 1680 814 unus
1713 776 1844 827 atqu‹›

42 838 155 880 alter
196 838 425 892 interpres,
470 838 832 891 quemadmodum
872 837 1108 892 Dionysius
1148 838 1463 880 Uarthusianus
1506 842 1582 881 aut
1619 840 1841 894 Lyranus¹

41 903 312 946 adhibeatur.
379 905 493 946 Nam
528 904 659 945 Glosa
693 918 803 957 quae
837 903 995 945 dicitur
1029 903 1248 946 ordinaria
1262 905 1289 954 ²,
1324 919 1410 946 non
1444 920 1582 960 pauca
1616 905 1843 956 immiscet,

41 984 152 1024 quae
186 969 277 1011 sine
312 970 398 1012 ullo
432 969 656 1025 dispendio
691 969 901 1012 transiliri
924 969 1105 1024 possint,
1142 972 1186 1012 et
1210 985 1320 1024 quae
1344 970 1387 1011 in
1410 970 1570 1013 scholis
1595 972 1845 1026 professuro

41 1036 110 1078 uel
144 1035 419 1091 disputaturo
453 1035 593 1090 magis
628 1050 756 1089 quam
790 1035 963 1090 priuato
998 1036 1170 1078 Lectori
1203 1039 1462 1090 congruunt.
1528 1038 1639 1080 Sunt
1671 1037 1842 1080 interim

40 1101 264 1156 generalia
298 1101 510 1155 quaedam
545 1102 597 1143 de
621 1101 858 1156 Scripturis
891 1101 1003 1143 scitu
1031 1101 1185 1156 digna:
1221 1117 1331 1156 quae
1356 1117 1380 1144 a
1404 1103 1594 1145 Doctore
1618 1104 1846 1145 Turnout³²

41 1182 137 1210 cum
180 1169 347 1209 tractat
390 1167 441 1209 de
475 1167 798 1210 Ecclesiasticis
838 1167 1129 1222 dogmatibus⁷
1175 1170 1219 1210 et
1261 1182 1315 1210 ex
1349 1168 1622 1211 Bibliotheca
1661 1170 1840 1212 sancta¹

42 1233 207 1275 utiliter
229 1233 497 1275 haurientur.
551 1233 758 1275 Praestat
782 1233 914 1275 etiam
937 1233 1037 1275 noui
1062 1249 1191 1287 quam
1227 1234 1388 1276 ueteris
1422 1234 1678 1277 testamenti
1711 1235 1845 1277 libros

40 1302 260 1349 excutere,
296 1314 587 1353 magnamque
621 1299 971 1341 obseruationem
998 1299 1160 1341 habere
1184 1300 1426 1355 Apostolici
1450 1300 1642 1356 spiritus,
1678 1304 1726 1343 ut
1758 1316 1844 1343 non

40 1380 354 1420 cognoscamus
396 1365 545 1415 modo,
590 1365 663 1407 sed
709 1365 840 1407 etiam
884 1365 947 1407 ad
991 1380 1143 1408 omne
1186 1381 1321 1421 opus
1363 1368 1557 1408 bonum
1601 1367 1844 1410 instruc-

39 1431 248 1473 tioress'
282 1433 326 1473 et
359 1430 594 1473 alacriores
626 1430 764 1473 indies
795 1431 1047 1473 efficiamur.

159 1497 186 1539 J
190 1511 259 1539 am
284 1511 386 1539 uero
411 1497 523 1551 quod
548 1497 601 1539 ad
624 1497 793 1547 Patres,
830 1498 909 1540 ad
927 1495 987 1550 [31
1012 1498 1225 1540 Doctores
1249 1500 1422 1541 ueteres
1446 1498 1618 1549 attinet,
1648 1499 1842 1541 sedulam

40 1578 189 1605 eorum
230 1562 460 1605 lectionem
503 1565 638 1618 probo
682 1566 726 1606 et
768 1564 1021 1606 commendo
1063 1564 1151 1615 his,
1197 1564 1269 1619 qui
1310 1580 1397 1607 non
1438 1568 1529 1607 tam
1572 1565 1842 1608 intellectum

39 1628 274 1679 illustrare⁷
311 1643 440 1683 quam
474 1630 679 1671 affectum
707 1629 761 1671 ad
784 1629 972 1684 priscam
1005 1629 1125 1671 illam
1158 1633 1444 1685 sanctamque
1476 1631 1688 1686 pietatem
1721 1631 1765 1673 in
1797 1646 1844 1673 se

41 1694 110 1736 uel
144 1694 242 1749 alijs
276 1694 554 1736 excitandam
589 1697 720 1749 atque
755 1695 1000 1749 augendam
1023 1695 1294 1738 inflammare
1318 1697 1599 1743 contendunt,
1636 1698 1843 1751 quemad-

40 1761 214 1803 modum
248 1760 380 1802 diuini
414 1760 535 1803 uerbi
568 1760 945 1804 concionatoribus
968 1761 1157 1804 maxime
1191 1762 1412 1818 competit.
1457 1763 1571 1805 Nam
1596 1766 1640 1806 et
1662 1764 1842 1806 Patrum

41 1841 136 1869 esse
178 1826 400 1881 proprium
443 1827 574 1877 solet,
622 1827 794 1882 copiose
836 1827 1016 1869 laudare
1059 1827 1265 1879 uirtutes,
1311 1831 1355 1870 et
1398 1843 1423 1870 a
1466 1829 1586 1884 uitijs
1629 1830 1844 1872 abducere

40 1892 322 1935 Christianos.
378 1884 627 1935 Cauendum
660 1893 847 1943 interim,
881 1908 935 1935 ne
968 1896 1094 1936 tanto
1126 1894 1309 1936 Patrum
1342 1909 1490 1937 amore
1523 1895 1759 1951 capiamur,
1795 1898 1843 1938 ut

40 1958 304 2001 recentiores
338 1959 446 2001 alios
480 1959 725 2014 Theologos
758 1959 1045 2014 negligamus,
1094 1960 1165 2014 qui
1208 1960 1386 2003 tametsi
1429 1975 1627 2004 sermone
1670 1977 1720 2004 ac
1754 1962 1843 2004 elo-

40 2024 218 2079 quentia
236 2024 377 2067 minus
396 2025 586 2075 ualeant,
611 2028 759 2068 tamen
778 2025 1005 2068 clariorem
1024 2030 1068 2069 et
1087 2026 1399 2070 euidentiorem
1412 2028 1425 2046 ''
1448 2028 1588 2070 lucem
1607 2029 1843 2071 ostendunt

38 2090 83 2132 in
114 2090 194 2141 his,
230 2105 340 2145 quae
364 2091 419 2133 ad
442 2093 563 2133 certa
586 2093 796 2146 firmaque
818 2092 918 2134 fidei
941 2093 1149 2147 dogmata
1174 2094 1477 2147 cognoscenda
1504 2097 1548 2136 et
1581 2094 1841 2137 stabilienda

39 2158 254 2211 spectant.
306 2156 427 2199 Adeo
461 2157 608 2211 magni
641 2157 838 2209 interest,
884 2161 931 2200 ut
965 2166 1099 2213 quaec
1134 2159 1322 2214 Spiritus
1361 2163 1541 2203 sanctus
1579 2160 1623 2202 in
1656 2160 1842 2215 posteri-

39 2221 185 2264 oribus
218 2222 420 2277 Concilijs
453 2226 585 2278 atque
608 2223 871 2266 Doctoribus
903 2225 1166 2267 luculentius
1190 2225 1397 2274 definiuit,
1432 2227 1571 2268 bonus
1594 2226 1843 2281 Theologus

37 2287 234 2343 inprimis
258 2289 473 2331 obseruet.
524 2289 749 2344 Legantur
771 2290 928 2333 Patres
960 2291 1215 2345 frequenter
1250 2293 1304 2334 ab
1327 2291 1407 2335 1115.
1443 2292 1598 2346 quibus
1631 2293 1741 2335 satis
1764 2292 1840 2347 otij

37 2356 252 2408 superest,
297 2356 345 2396 ut
386 2353 455 2409 pie
498 2355 781 2409 grauiterque
823 2356 1052 2410 loquentes
1094 2357 1191 2399 illos
1235 2357 1426 2409 audiant,
1472 2373 1522 2400 ac
1556 2358 1676 2401 uelut
1709 2358 1843 2401 diuini

38 2419 226 2474 Spiritus
261 2434 438 2474 organa,
475 2423 519 2463 et
551 2421 715 2464 lumina
744 2422 969 2465 Ecclesiae
1002 2423 1277 2478 splendentia
1310 2425 1632 2466 reuereanturd.
1689 2425 1842 2479 Neque

155 2513 183 2544 a)
205 2515 253 2539 Sic
272 2516 362 2539 etium
382 2516 495 2540 I’aehtl.
538 2517 790 2547 (Jnrriymzdumne
812 2518 870 2542 ac?
944 2516 973 2545 b)
994 2518 1042 2542 ,Sic
1064 2519 1134 2542 (ἀη.
1157 2526 1210 2542 suu
1233 2527 1322 2542 mmm
1347 2519 1476 2543 cam-mit
1497 2527 1533 2543 (ἤι’
1559 2518 1662 2543 tamen
1683 2518 1839 2544 maiorem,

38 2554 64 2581 e]
85 2556 150 2580 Duo
173 2565 214 2581 rr.
237 2565 296 2588 sqq.
320 2558 355 2580 nh
376 2558 428 2581 Ils.
454 2558 481 2581 ιή
505 2558 638 2588 maraine.
660 2559 764 2582 additu
786 2562 864 2583 sunt.
961 2558 992 2589 (l)
1016 2563 1094 2589 Quae
1115 2563 1289 2591 sequuntur,
1314 2569 1402 2592 usque
1424 2561 1463 2585 ml
1483 2568 1545 2585 noll
1565 2560 1649 2585 leues
1672 2562 1750 2591 iun-l„
1770 2570 1787 2585 (ι
1811 2564 1839 2586 Is.

40 2599 66 2622 in
90 2600 223 2628 maraine
243 2600 348 2623 addita
370 2603 448 2624 sunt.

162 2689 170 2707 ¹
198 2690 366 2733 Dionysii
394 2690 522 2724 Rickel
549 2696 633 2725 (van
653 2691 844 2730 Leeuwen‘)
870 2691 949 2725 sive
970 2691 1202 2726 Carthusiani
1228 2693 1262 2733 11-
1290 2692 1395 2733 1471)
1422 2693 1503 2726 libri
1531 2693 1624 2727 satis
1651 2693 1726 2727 noti
1745 2696 1840 2727 sunt.

38 2743 178 2777 Nicolai
206 2743 248 2777 de
277 2743 373 2786 Lyra.
407 2744 441 2785 ssi·
471 2744 575 2778 1340:
604 2744 644 2779 O.
665 2744 765 2785 Min,
794 2745 1000 2789 theologiae
1028 2745 1247 2788 professoris
1273 2746 1497 2790 parisiensis,
1531 2747 1728 2787 ⁷,Postillae
1764 2759 1840 2790 per-

37 2797 188 2840 petua&
219 2800 256 2831 et
278 2798 547 2839 ,Moralitateffl
572 2798 607 2832 in
626 2810 767 2833 sacram
787 2798 1011 2842 Scripturam
1038 2799 1172 2833 Romae
1192 2812 1222 2834 a.
1246 2801 1334 2834 1571
1364 2801 1464 2844 typis
1491 2801 1697 2844 exscriptae
1726 2804 1839 2834 erant.

159 2850 171 2869 ‘³
199 2851 488 2885 Commentarius
515 2852 550 2886 in
577 2864 719 2886 sacram
747 2852 969 2896 Scripturam
998 2865 1043 2886 ex
1072 2853 1285 2887 Sanctorum
1313 2854 1463 2888 Patrum
1490 2854 1659 2897 operibus
1686 2854 1840 2888 haustus

37 2916 59 2939 a
77 2905 280 2939 WValafrido
309 2904 435 2939 Strabo
462 2906 495 2945 <ss
522 2906 605 2946 8491>
632 2906 672 2940 O.
694 2906 726 2941 S.
747 2906 786 2941 B.
816 2907 945 2941 abbate
968 2907 1108 2951 Augiae
1136 2907 1262 2941 divitis
1288 2908 1531 2943 (Reichenauh

159 2958 171 2977 3
197 2959 378 2993 Martinus
405 2971 426 2993 a
453 2959 641 2994 'furnhout
676 2961 755 2994 sive
775 2960 857 2994 Van
885 2961 948 2994 der
971 2960 1083 2994 Keele
1119 2961 1153 3000 (†
1182 2962 1286 2995 1540*
1322 2962 1362 2996 O.
1389 2962 1487 3002 Min„
1515 2961 1724 3001 hrabantus,
1761 2972 1839 3004 pro-

38 3012 155 3046 fessor
181 3012 415 3054 lovaniensis,
452 3014 601 3057 scripsit
628 3014 925 3049 commentarium
953 3015 988 3048 in
1016 3014 1128 3048 libros
1156 3015 1206 3049 IV
1234 3015 1502 3049 Sententiarum
1532 3017 1568 3049 et
1594 3015 1666 3048 alia
1692 3016 1838 3055 &Fi-ane.

41 3066 239 3109 Ηιορενίίηε,
267 3066 432 3101 Athenae
463 3067 644 3112 Belgicae,
668 3067 890 3111 Antverpiae
922 3068 1025 3107 1628,
1050 3068 1135 3102 2353:
1166 3069 1210 3102 H.
1229 3070 1400 3101 Nharalea
1427 3068 1467 3103 O.
1488 3068 1575 3103 Min.
1599 3068 1722 3109 Conv„
1752 3066 1838 3110 Sup-

37 3119 259 3162 plementum
286 3121 330 3154 ad
358 3120 559 3164 Scriptores
587 3121 733 3155 Ordinis
760 3121 951 3156 Minorum.
979 3121 1113 3155 Romae
1145 3122 1245 3161 1805,
1274 3122 1364 3163 5241.

158 3173 171 3191 4
199 3173 299 3217 Opus
334 3175 561 3218 praeclarum
598 3174 692 3209 Sixti
730 3175 900 3209 Senensis
934 3175 967 3216 'fl‘
996 3175 1100 3215 15⁸9)
1127 3176 1167 3209 ().
1189 3175 1267 3211 Pr..
1306 3175 1471 3209 Venetiis
1498 3187 1527 3209 a.
1554 3175 1641 3207 1560
1678 3178 1714 3208 et
1747 3175 1838 3209 alias

38 3228 256 3271 compluries
284 3229 431 3263 editum.
677 3228 690 3246 ⁵
716 3230 737 3263 2
764 3228 843 3262 Tim
871 3229 903 3269 3,
937 3229 987 3262 17.

110 3292 423 3325 Braunsberger,
444 3294 557 3319 (anisii
580 3294 736 3326 Epistulae
758 3294 786 3319 1-1
809 3294 894 3319 Aeta.
928 3294 1006 3319 VIII.
1509 3288 1549 3321 18
