2073 3510
561 195 654 228 Mon.
678 194 779 227 1:531.
828 193 917 226 1583
944 198 1021 235 post
1053 205 1096 226 ιιι.
1120 194 1288 236 Aprile-ni.
1731 197 1818 236 593

24 321 117 364 eius
149 321 240 362 tum
266 315 530 360 intercessio.
566 318 657 357 tum
683 312 888 355 mediatio
912 313 1126 366 quaslibet
1153 314 1386 355 amicorum
1417 330 1572 370 operas
1596 332 1645 357 ae
1670 331 1819 370 preces

26 384 243 433 excludat,
279 397 408 437 quum
432 381 504 423 ille
528 381 786 423 Sanctorum
821 382 950 433 caput
986 381 1027 419 et
1053 393 1224 421 corona.
1261 379 1354 421 fidis
1388 396 1533 422 eoruin
1570 380 1819 436 patrociniis

29 451 180 495 iuuare
203 464 281 491 nos
304 448 493 503 gaudeat
519 461 568 489 ac
587 446 739 489 soleat.
764 444 875 486 sicut
900 444 1140 497 antiquitas
1160 445 1357 485 vniuersa
1386 445 1522 487 lite-ris
1545 450 1585 488 et
1612 446 1821 501 exemplis

27 515 264 560 clarissime
298 511 595 556 confirmauit*
636 510 689 566 (p.
727 512 839 558 312).

28 622 167 660 13:31.
267 618 352 654 1583
381 620 459 665 post
488 627 534 652 ιιι.
557 615 732 663 Aprilem.

149 682 201 716 Ex
230 680 359 725 Operis
387 678 537 714 Mariani
570 690 588 711 a
620 679 768 709 (nmis-in
802 676 928 719 scripti
966 675 1121 709 editione
1158 675 1271 709 altera
1304 676 1381 709 sir«-
1414 677 1557 710 „xla-w
1585 678 1694 711 'l'omo
1723 680 1822 711 (Ἀιμι-

28 735 283 772 mentariorum
312 734 353 768 de
381 733 490 767 Yerhi
519 732 584 766 Dei
613 730 865 774 corruptelis‘.
895 729 1106 774 ingolstadii
1140 730 1240 766 15⁸3.
1268 742 1300 773 p.
1323 730 1388 763 7³⁴?
1443 731 1520 764 1507.

151 797 322 829 Canis-Ins
348 797 507 831 mun-rae,
535 792 656 825 Monte
683 793 840 831 Sem-alo,
871 790 993 823 Erana·
1022 790 1151 822 Bautae
1177 790 1321 822 Mariae
1357 790 1525 831 l't'tysinis,
1558 791 1715 827 Imm—uti,
1743 793 1826 822 loris

32 850 176 885 Mariae
200 851 324 887 sace-is,
350 848 529 891 plurimos
551 847 697 889 pietatis
723 846 866 886 fructus
892 844 1009 885 collini
1035 848 1062 875 c!
1091 844 1266 876 miracula
1295 844 1404 875 tandm
1429 847 1586 886 pult-nri.

154 922 335 957 vanis-ius,
364 918 397 952 in
419 917 548 962 Operis
567 916 720 951 Mariani
748 915 904 949 editione
930 915 1087 949 secunda
1107 914 1149 948 ‹le
1171 915 1317 958 templis
1336 927 1414 948 cum
1437 915 1573 948 Mariae
1594 916 1733 949 ιιιιιιιίιιιΔ
1756 916 1827 949 lle«,

31 975 162 1011 dicatis
188 984 319 1018 agens:
353 972 446 1007 -Nec
466 971 618 1010 dicans,
646 970 774 1013 inquit.
807 969 868 1004 „de
889 968 1054 1002 omnihus
1076 969 1210 1002 Mariae
1238 969 1394 1012 templis.
1423 980 1514 1012 quae
1535 969 1627 1012 apud
1648 969 1829 1012 Hispanos

31 1032 73 1064 vt
90 1027 395 1073 religiosissimos.
417 1026 465 1060 ita
485 1030 519 1059 et
540 1024 811 1059 cordatissimus
830 1023 993 1057 homines
1013 1022 1078 1056 hoc
1097 1022 1220 1057 seculo
1239 1023 1396 1056 maxime
1417 1023 1654 1057 celebrantur.
1689 1023 1829 1056 Primas

32 1093 117 1118 vero
135 1085 245 1116 tenet.
265 1080 359 1124 quod
379 1080 413 1114 in
433 1083 553 1113 monte
573 1078 716 1113 Seri-ato
733 1077 738 1095 ¹
759 1077 934 1120 templum
954 1080 1008 1110 est
1029 1076 1227 1120 Hispaniae
1247 1076 1436 1111 citerioris.
1456 1080 1491 1110 et
1511 1077 1554 1110 ad
1576 1077 1829 1111 Lauretanum.

32 1136 191 1172 omnium
218 1147 312 1169 nunc
339 1134 566 1178 templorum.
594 1132 630 1166 ni
658 1132 774 1166 fallor.
803 1131 1100 1165 celeberrimum.
1123 1159 1128 1164 .
1151 1159 1156 1164 .
1184 1131 1347 1174 proxime
1368 1131 1512 1165 videtur
1535 1131 1724 1165 accedere:
1753 1130 1830 1164 siue

23 1190 286 1226 *miraculorum
302 1187 598 1233 magnitudinem.
618 1186 696 1220 siue
715 1185 1022 1230 peregrinantium
1039 1197 1262 1225 concursum.
1283 1185 1361 1219 siue
1376 1185 1626 1230 religiosorum
1647 1185 1829 1219 hominum

35 1243 109 1279 illic
145 1242 352 1287 degentium
392 1241 645 1275 sanctitatem.
686 1244 720 1273 et
761 1243 937 1283 promtam
975 1251 1060 1283 erga
1098 1242 1243 1272 exteros
1281 1238 1565 1282 hospitalitatem
1604 1238 1831 1273 considerare

35 1297 211 1332 velimus·
254 1308 286 1340 p.
309 1296 398 1330 ma.

155 1350 207 1385 De
238 1350 423 1394 praeclaro
451 1353 571 1383 autem
599 1348 818 1382 monasterio
846 1348 907 1382 illo
935 1347 1172 1381 benedictino.
1210 1347 1302 1390 quod
1335 1348 1507 1382 ,Ιῦι-οιιιιιςκ4
1536 1348 1668 1381 Beatae
1696 1346 1832 1381 Mariae

35 1404 218 1449 Virginis*
249 1403 327 1438 sive
351 1403 598 1444 ,Einsiedehs'
630 1407 791 1437 vocatur.
823 1404 993 1435 Canis-ius
1019 1402 1071 1436 sic
1098 1401 1243 1435 scribit:
1277 1401 1435 1435 ,Norunt
1455 1404 1491 1435 et
1509 1401 1730 1445 magnanimi
1753 1400 1832 1433 Hel-

37 1458 136 1502 uetij.
157 1458 217 1502 qui
232 1458 512 1502 pulcherrimam
529 1456 706 1491 Catholici
722 1456 877 1490 nominis
896 1455 1154 1499 professionem
1172 1455 1356 1499 prfflfclare
1371 1455 1547 1489 hactenus
1562 1459 1832 1489 conseruarunt.

37 1515 74 1547 et
91 1512 158 1546 sub
186 1511 354 1546 felicibus
373 1510 560 1545 MARIAE
585 1510 759 1554 auspiciis
786 1509 894 1543 toties
921 1509 1119 1543 fortissime
1148 1509 1431 1552 felicissimeque
1450 1512 1676 1553 pugnarunt:
1704 1512 1833 1542 norunt

38 1566 195 1611 inquam.
233 1568 406 1609 quantum
435 1568 470 1599 et
498 1564 605 1599 animi
634 1568 671 1598 et
697 1564 834 1598 roboris
868 1566 1029 1607 praestet
1055 1563 1195 1607 Virgini
1225 1563 1330 1597 matri
1360 1566 1443 1596 vota
1471 1562 1528 1606 pia
1557 1563 1699 1597 secisse.
1737 1565 1773 1596 et
1800 1562 1834 1596 in

38 1619 154 1665 ipsius
181 1619 394 1653 Eremitorio
422 1619 478 1663 pie
506 1619 743 1662 supplicasse.
788 1618 841 1651 Ita
869 1617 962 1651 enim
992 1621 1123 1651 vocant
1144 1617 1319 1660 Deiparae
1346 1617 1519 1651 sacellum
1541 1629 1559 1651 a
1579 1620 1704 1651 sancto
1724 1617 1835 1650 Mein-

39 1673 125 1709 rado
152 1673 371 1708 inchoatum.
400 1673 528 1707 mediis
555 1673 590 1706 in
617 1672 736 1715 syluis
771 1671 940 1715 positum.
962 1700 968 1706 .
990 1700 996 1706 .
1019 1700 1024 1705 .
1054 1671 1146 1714 quod
1174 1682 1242 1705 non
1270 1670 1373 1704 modo
1400 1671 1526 1704 multis
1553 1671 1597 1705 ab
1623 1671 1706 1704 hinc
1733 1671 1837 1705 annis

41 1727 135 1762 inter
160 1727 296 1761 medios
323 1727 447 1761 hostes
474 1726 675 1770 impiosque
705 1726 853 1760 vicinos.
885 1725 948 1759 sed
975 1725 1083 1759 etiam
1111 1737 1226 1768 nuper
1251 1725 1441 1758 admodum
1468 1724 1656 1758 horrendis
1682 1724 1838 1758 flammis

41 1786 170 1818 cuncta
197 1782 355 1825 Vndique
392 1781 666 1815 absumentibus
702 1781 883 1825 integrum
910 1780 1126 1814 mirabiliter
1159 1783 1380 1823 perseuerat.
1432 1779 1623 1823 Nugentur
1655 1784 1776 1813 autem
1803 1782 1838 1813 et

42 1836 317 1874 calumnientur,
346 1835 406 1879 qui
433 1847 514 1869 sese
542 1835 586 1869 ab
606 1835 769 1869 Ecclesia
797 1834 975 1869 catholica
1005 1834 1141 1868 nefarie
1160 1836 1418 1878 segregarunt:
1447 1834 1585 1877 fingant
1605 1836 1640 1867 et
1659 1837 1838 1867 euomant.

43 1901 134 1934 quae
160 1890 324 1934 impurus
351 1889 441 1934 ipsis
468 1889 611 1924 animus
634 1889 799 1934 suggerit
827 1889 1002 1923 aduersus
1029 1888 1122 1922 sacri
1152 1888 1219 1922 loci
1246 1887 1354 1922 huius
1381 1887 1568 1931 originem.
1596 1898 1839 1932 progressum.

43 1944 191 1980 cultum.
219 1944 414 1979 miracula:
443 1944 509 1978 hoc
536 1944 707 1978 nimirum
734 1944 867 1978 Satana
895 1944 929 1977 in
952 1943 1029 1977 suis
1056 1943 1201 1987 organis
1227 1942 1457 1986 potissimum
1484 1947 1710 1986 procurante.
1739 1945 1779 1975 vt
1805 1941 1840 1975 in

43 1998 145 2044 vulgi
172 1999 291 2033 odium
319 1999 565 2042 inuidiamque
593 2001 759 2033 sanctum
796 1998 862 2032 hoc
894 1998 1101 2032 institutum
1131 1997 1296 2032 adducat.
1334 1997 1483 2040 eiusque
1510 1997 1708 2031 salutarem
1734 2008 1840 2030 vsum

44 2056 82 2088 et
115 2054 273 2087 fructum
310 2053 483 2097 impediat
519 2053 744 2096 aboleatque.
797 2052 963 2087 Sedenim
1001 2052 1062 2096 qui
1094 2055 1190 2086 recte
1217 2051 1284 2086 sibi
1313 2063 1472 2095 suaeque
1499 2051 1609 2085 saluti
1637 2051 1841 2085 consultum

44 2107 172 2142 volunt
199 2107 409 2142 Orthodoxi.
438 2120 512 2142 rem
540 2119 578 2142 se
598 2108 744 2152 dignam
771 2107 935 2142 fecerint.
963 2107 992 2141 si
1013 2107 1134 2141 surdis
1152 2107 1311 2141 auribus.
1340 2106 1561 2140 rabiosorum
1584 2106 1683 2140 velut
1703 2118 1842 2140 canum.

45 2161 197 2197 istorum
233 2162 389 2196 latratus
425 2165 623 2202 transeant,
661 2164 695 2196 et
731 2166 858 2196 sancta
887 2161 1115 2196 Christianae
1151 2161 1233 2195 fidei
1271 2161 1508 2205 simplicitate
1536 2161 1707 2195 contenti.
1744 2172 1843 2204 prae-

46 2215 226 2259 clarisque
252 2216 431 2251 Maiorum
467 2228 613 2250 suorum
650 2216 827 2260 exemplis
864 2216 1078 2250 confirmati.
1114 2228 1184 2249 non
1221 2215 1306 2258 quid
1344 2215 1464 2249 dicant
1501 2215 1604 2249 modo
1632 2214 1745 2258 impij.
1782 2214 1843 2247 sed

47 2269 132 2313 quid
151 2270 287 2304 faciant
306 2274 341 2304 et
360 2270 519 2304 sentiant
546 2273 601 2304 tot
619 2270 823 2304 seculorum
850 2269 912 2314 pij.
941 2270 976 2304 id
1001 2270 1142 2304 demum
1162 2270 1230 2304 sibi
1250 2269 1472 2313 propositum
1493 2269 1661 2303 habeant.
1689 2280 1845 2312 semper—

48 2335 117 2367 que
152 2324 441 2358 commendatum
475 2328 632 2359 seruent.
684 2324 741 2358 An
777 2336 862 2358 vero
890 2324 949 2358 vel
986 2324 1189 2358 obscurum.
1226 2324 1282 2358 vel
1322 2323 1466 2357 dubium
1505 2335 1584 2357 esse
1620 2327 1739 2366 potest
1777 2334 1845 2365 quo

47 2377 195 2422 pietatis
230 2377 355 2411 ardore
392 2378 528 2412 incensi
565 2378 769 2422 complures
803 2390 868 2422 per
903 2378 1077 2412 incultam
1113 2381 1151 2412 et
1185 2377 1366 2412 horridam
1403 2377 1646 2411 solitudinem.
1685 2376 1728 2410 ad
1755 2376 1846 2410 hanc

49 2430 194 2465 AEdem
220 2431 393 2476 Virginis.
422 2436 457 2466 et
484 2435 607 2466 nostra
635 2434 672 2466 et
697 2432 882 2476 superiore
909 2436 1028 2466 aetate
1056 2432 1151 2466 vltro
1178 2434 1379 2475 penetrent.
1408 2443 1514 2475 quam
1540 2430 1784 2465 venerabundi
1812 2435 1847 2463 et

49 2484 232 2529 supplices
268 2488 351 2519 vota
389 2497 453 2519 sua
491 2486 668 2530 Deiparae
704 2486 857 2520 faciant.
895 2498 1003 2529 quam
1040 2498 1157 2520 raram
1195 2489 1231 2520 et
1266 2486 1455 2519 mirificam
1495 2484 1715 2528 Spiritus
1751 2496 1847 2517 con-

50 2538 369 2574 solationem²
395 2542 504 2583 atque
531 2540 753 2574 suauitatem
771 2539 837 2574 hoc
862 2540 940 2584 ipso
965 2540 1041 2574 loco
1067 2540 1269 2584 percipiant
1281 2544 1299 2574 ἱ)
1335 2539 1446 2573 Cuius
1473 2538 1616 2581 quidem
1644 2537 1847 2581 praesentia

49 2594 125 2627 tam
159 2595 326 2636 potenter
351 2593 531 2628 immutat.
569 2605 679 2637 quam
705 2594 860 2628 dulciter
885 2594 1001 2628 afficit
1036 2594 1209 2628 bonorum
1237 2588 1484 2627 accedentium
1512 2592 1660 2627 animos.
1697 2597 1736 2624 vt
1765 2602 1848 2623 vere

51 2645 140 2681 illud
159 2647 346 2681 MARIAE
373 2647 582 2692 hospitium.
610 2651 645 2682 et
665 2648 732 2682 Dei
759 2648 978 2682 domicilium
1007 2660 1088 2682 esse
1116 2648 1222 2682 facile
1245 2646 1522 2691 deprehendant.
1567 2644 1634 2678 Sed
1662 2656 1681 2677 o
1708 2644 1849 2686 ineptos

53 2702 91 2735 et
114 2700 248 2735 stultos
283 2700 458 2736 homines.
497 2702 557 2745 qui
595 2701 864 2746 obgannientib.
894 2702 1088 2736 haereticis
1116 2701 1276 2735 credunt.
1314 2700 1383 2743 piis
1414 2702 1534 2733 autem
1563 2701 1596 2731 et
1625 2696 1849 2740 sapientibus

53 2756 108 2789 tot
141 2754 346 2798 spiritualia
382 2755 474 2789 hona
510 2755 781 2799 experientibus
816 2759 964 2799 tamque
1000 2755 1206 2799 praeclaras
1234 2755 1409 2788 viitutum
1443 2752 1603 2786 actiones
1630 2750 1848 2784 exercentih.

52 2818 123 2842 non
142 2808 310 2844 credunt:
339 2812 463 2853 vtpote
490 2809 551 2853 qui
579 2821 647 2843 non
673 2809 790 2843 solum
812 2809 1040 2843 Christianae
1059 2807 1289 2851 precationis.
1318 2806 1379 2839 sed
1400 2811 1433 2839 et
1454 2808 1600 2839 sanctae
1620 2803 1848 2837 humilitatis.

55 2862 92 2895 et
129 2872 237 2895 verae
275 2862 539 2905 poenitentiae,
579 2862 838 2906 religionisque
877 2862 994 2895 omnis
1032 2861 1151 2895 officia
1191 2860 1248 2894 hic
1287 2862 1473 2903 praestant
1510 2861 1618 2900 atque
1654 2857 1848 2891 declarant.

55 2913 203 2949 Talisne
230 2915 351 2950 cultus
371 2915 515 2950 Christo
535 2916 698 2956 Domino.
726 2915 785 2949 vel
813 2916 891 2949 eius
919 2914 1128 2948 benedictae
1148 2913 1267 2948 Matri.
1296 2916 1359 2947 aut
1378 2912 1524 2955 Superis
1543 2911 1630 2944 vllis
1648 2910 1849 2953 displicere.

17 3002 19 3009 s
57 2966 211 3003 Satanae
247 2973 369 3004 autem
405 2970 562 3004 arridere
598 2969 744 3013 possit?
796 2968 889 3010 Quid
922 2968 990 3002 nisi
1028 2968 1118 3001 fides
1144 2970 1179 3000 et
1207 2978 1291 3009 spes
1319 2965 1525 3000 Christiana
1552 2964 1587 2998 in
1615 2964 1688 2997 illis
1715 2963 1849 3007 vigeat.

18 3031 20 3054 ³.
59 3032 203 3064 quaeso,
231 3022 291 3066 qui
319 3023 352 3057 in
382 3023 498 3057 Matre
524 3023 655 3056 Filium
682 3022 870 3056 honorant.
899 3026 933 3054 et
960 3024 1107 3064 propter
1132 3020 1231 3053 illam
1252 3018 1502 3062 Redemptoris
1526 3014 1583 3051 sui
1612 3022 1787 3060 quaerunt
1816 3022 1849 3049 et

59 3078 254 3118 expectant
271 3076 437 3121 gratiam.
463 3088 617 3120 eumque
637 3076 795 3109 Iudicem
814 3074 883 3109 sibi
903 3074 1020 3118 magis
1039 3073 1233 3117 propitium
1254 3074 1328 3106 fore
1348 3071 1496 3106 credunt
1516 3076 1624 3114 atque
1643 3070 1823 3104 confidunt
1833 3076 1852 3103 ζ’

61 3126 154 3170 Quid
171 3140 309 3171 rursus,
328 3130 397 3164 nisi
417 3134 544 3165 sancta
565 3130 741 3173 quaedam
763 3128 999 3170 omnibusque
1020 3126 1198 3160 laudanda
1218 3126 1390 3160 foititudo
1410 3128 1475 3159 est.
1497 3124 1680 3169 longinqui
1702 3123 1851 3157 itineris.

185 3225 192 3243 ¹
220 3225 434 3260 Monserrat.
478 3224 738 3260 Monasterium
766 3223 832 3258 hoc
860 3228 915 3257 est
943 3222 1077 3256 ordinis
1104 3221 1330 3255 benedictini.
1444 3220 1456 3238 ²
1484 3221 1551 3253 Act
1579 3221 1610 3258 9,
1638 3221 1696 3253 {L

134 3288 446 3322 Braunsberger.
468 3290 580 3315 Canis-ii
603 3289 759 3322 Epistulae
780 3290 808 3313 et
831 3289 916 3313 Acta.
950 3286 1027 3312 Vlll.
1523 3281 1568 3313 38
