2073 3510
548 194 724 239 Friburgo
751 194 1002 228 Helvetiorum
1034 196 1062 229 1.
1084 195 1267 230 Februarii
1302 197 1400 230 1593.
1786 199 1871 240 343

68 320 228 363 nibus
261 317 457 367 dedit&
493 316 605 359 sicut
628 316 789 358 Paulus
812 316 1017 365 affirmat,
1051 315 1120 369 qui
1146 320 1375 371 praeterea
1399 317 1557 359 nullius
1592 318 1773 360 alterius
1806 318 1870 360 in-

68 386 232 441 digens,
257 387 436 440 propter
454 383 735 438 semetipsum
755 381 877 424 Patri
901 383 1045 437 placet
1069 386 1248 425 aeterno
1265 384 1290 426 ².
1317 386 1361 425 et
1379 383 1492 425 sicut
1510 384 1681 426 vnicum
1702 387 1841 439 vaput
1857 386 1871 406 ³²

68 467 144 509 pro
177 450 394 500 membris,
430 449 618 492 omnium
652 452 697 491 et
729 448 998 503 singulorum
1032 449 1204 491 nomine
1238 452 1449 504 pmpetuo
1483 449 1601 492 inte
1615 466 1634 491 r
1647 451 1795 505 pella
1809 453 1868 495 t¹.

68 518 134 561 cui
157 517 340 572 denique
374 531 623 571 supremum
650 515 873 570 religionis
897 516 1074 565 cultum,
1111 518 1159 557 vt
1181 515 1285 557 nulli
1311 515 1452 565 alteri.
1489 532 1511 557 a
1537 517 1660 558 nobis
1684 517 1868 559 adscribi

67 588 198 639 atque
231 582 448 639 praestari
481 583 550 625 fas
584 585 663 625 est.
712 583 865 636 Neque
888 582 931 624 in
964 582 1045 623 hoc
1079 583 1374 626 obscuramus,
1410 582 1484 623 sed
1510 582 1655 637 potius
1679 583 1868 625 eiusdem

67 650 225 693 Christi
249 649 433 704 gloriam
457 648 740 699 illustramus,
766 664 863 691 cum
882 650 1080 697 Sanctos,
1106 648 1186 689 hoc
1205 650 1285 698 est,
1312 647 1569 702 praecipuos
1594 648 1685 690 eius
1709 649 1870 691 amicos

66 720 111 760 et
129 718 302 766 fratres,
328 715 522 769 adeoque
541 715 867 770 praestantiora
891 714 982 757 eius
1006 715 1212 759 membra.
1245 728 1355 768 quae
1380 728 1486 755 cum
1523 713 1614 755 illo
1648 714 1695 755 in
1720 715 1868 756 eodem

66 784 267 826 throno
300 782 526 824 sedere-'³
560 796 583 823 a
618 782 809 824 Iohanne
833 781 1047 831 dicuntur,
1084 781 1138 822 ad
1165 780 1386 822 Ecclesiae
1419 794 1592 821 sensum
1628 794 1677 821 ac
1707 796 1868 822 morem

66 850 328 892 honoramus
351 851 395 890 et
418 847 610 898 colimus,
645 847 751 889 nihil
775 847 947 902 quidem
971 848 1025 889 ab
1048 846 1147 897 illis,
1175 846 1257 888 nisi
1281 861 1358 901 per
1381 845 1600 888 Christum
1625 848 1669 888 et
1693 848 1871 900 propter

65 915 283 957 Christum
317 914 509 969 ipsorum
542 928 593 956 ac
616 916 813 956 nostrum
839 913 1070 955 Dominum
1093 912 1162 955 hic
1186 914 1459 968 expetentes.
1511 912 1719 953 lfateniur
1751 911 1868 961 item,

65 982 250 1024 Sanctos
274 980 448 1022 eosdem
481 994 558 1035 per
591 994 638 1022 se
672 994 722 1021 ac
756 980 808 1022 de
842 994 919 1021 suo
943 979 1195 1034 petentibus
1228 978 1335 1020 nihil
1367 978 1410 1020 in
1445 978 1564 1019 coelo
1598 977 1764 1031 largiri,
1800 978 1870 1031 qui

65 1050 213 1090 tamen
246 1046 403 1101 rogati,
439 1061 541 1088 suas
574 1060 726 1101 preces
759 1045 923 1088 nostris
955 1046 1143 1088 libenter
1176 1044 1433 1098 adiungunt,
1478 1058 1553 1086 eas
1588 1044 1775 1086 reddunt
1807 1044 1871 1085 ef-

64 1113 299 1163 ficaciores,
335 1112 514 1155 coelesti
536 1112 659 1154 Patri
683 1113 884 1162 offerunt,
920 1114 965 1154 et
998 1113 1052 1154 ab
1076 1111 1227 1154 eodem
1251 1111 1384 1152 Patre
1410 1109 1598 1152 libenter
1621 1109 1869 1160 audiuntur,

65 1178 413 1234 quandoquidem
456 1178 528 1221 ille
571 1177 814 1220 coniunctis
855 1178 1092 1220 inultorum
1133 1177 1336 1233 precibus
1368 1175 1547 1218 mirifice
1581 1176 1827 1218 delectatur
1841 1175 1868 1217 ⁴³.

64 1245 227 1287 Verum
259 1244 326 1287 his
360 1244 536 1295 relictis,
572 1258 683 1299 quae
715 1244 805 1286 late
839 1246 1005 1300 patent,
1047 1246 1092 1287 et
1125 1243 1226 1286 alibi
1261 1241 1528 1285 commodius
1562 1242 1869 1297 explanantur.

64 1311 119 1354 ad
152 1311 411 1353 Sanctorum
445 1310 595 1353 Ferias
628 1309 806 1366 propius
839 1311 1110 1353 accedamus.

185 1395 338 1438 SVNT
395 1410 482 1437 non
538 1395 665 1450 pauci
718 1395 831 1437 male
879 1395 1027 1437 feriati
1075 1394 1294 1445 homines,
1351 1393 1423 1448 qui
1472 1392 1722 1435 Dominicos
1779 1391 1870 1434 dies

64 1464 295 1517 tantopere
347 1461 531 1504 laudant
584 1476 634 1504 ac
682 1465 864 1516 vrgent,
919 1462 1085 1504 nullum
1134 1463 1183 1503 vt
1231 1460 1373 1503 locum
1422 1460 1683 1502 Sanctorum
1732 1457 1871 1513 Ferijs

64 1527 278 1582 reliquum
294 1527 473 1579 faciant,
499 1528 575 1570 sed
594 1542 668 1570 eas
685 1543 865 1584 prorsus
888 1528 931 1570 in
949 1527 1148 1571 Ecclesia
1165 1527 1303 1570 velint
1321 1525 1555 1580 antiquari.
1592 1524 1677 1579 Alij
1698 1524 1870 1567 Christo

64 1593 346 1649 Redemptori
369 1596 461 1636 tam
483 1609 637 1649 parum
660 1594 872 1646 tribuunt,
907 1597 956 1637 vt
978 1595 1118 1637 festos
1141 1593 1232 1636 dies
1256 1593 1395 1635 eidem
1423 1592 1591 1635 dicatos
1624 1590 1868 1641 fastidiant,

64 1662 197 1714 atque
229 1659 301 1702 vbi
333 1663 530 1715 possunt,
574 1675 597 1703 e
630 1660 770 1703 medio
804 1661 958 1703 tollere
991 1659 1097 1702 nihil
1124 1661 1374 1702 vereantur.
1434 1658 1669 1700 Molestum
1701 1656 1787 1699 illis
1820 1671 1869 1699 ac

65 1725 260 1768 odiosum
293 1729 372 1777 est,
409 1726 523 1780 quod
556 1726 716 1769 Christi
749 1726 1056 1782 Redemptoris
1088 1725 1382 1776 natiuitateni,
1427 1722 1792 1767 resurrectionem
1826 1725 1870 1764 et

63 1791 108 1833 in
140 1792 283 1834 coelos
316 1792 615 1835 ascensionem
648 1796 847 1836 sanctam
881 1792 1115 1847 quotannis
1148 1794 1267 1835 stato
1300 1794 1510 1846 tempore,
1555 1792 1600 1832 et
1632 1788 1871 1831 solenniter

65 1858 347 1909 celebramus,
382 1861 431 1901 vt
464 1858 632 1913 reliqua
663 1859 837 1902 interim
865 1859 1039 1902 Domini
1071 1858 1211 1901 nostri
1245 1871 1379 1913 opera
1411 1855 1663 1907 cardinalia,
1699 1854 1812 1897 sicut
1845 1869 1871 1896 a

65 1923 281 1979 Cypriano
315 1924 517 1967 dicuntur
533 1925 558 1976 ⁷,
602 1925 755 1968 volens
795 1928 1084 1981 praeteream.
1151 1924 1261 1975 Quid
1299 1923 1373 1966 isti
1413 1937 1575 1977 quaeso
1610 1922 1869 1964 Sanctorum

63 1989 186 2044 ferijs
220 1991 473 2042 concedant,
509 1994 586 2034 aut
619 1992 941 2034 concedendum
973 1994 1143 2047 putent,
1188 1990 1261 2046 qui
1295 2005 1420 2033 suum
1453 1992 1498 2032 et
1530 1987 1868 2044 praecellentem

62 2056 271 2099 honorem
293 2056 490 2100 inuident
513 2072 564 2100 ac
587 2057 785 2101 adimunt
808 2057 980 2101 Christo
1014 2058 1205 2101 Sancto
1238 2056 1581 2101 sanctorum,
1617 2056 1662 2097 et
1695 2053 1868 2109 Capiti

63 2121 200 2165 totius
222 2122 544 2166 Ecclesiae⁹
578 2123 670 2166 siue
692 2123 736 2166 in
759 2123 891 2167 coelis
913 2123 1239 2179 triumphantis,
1275 2123 1367 2165 siue
1389 2122 1434 2164 in
1456 2121 1588 2164 terris
1610 2119 1869 2163 militantis?

187 2267 195 2284 ¹
226 2267 243 2300 1
271 2266 351 2300 Tim
379 2267 410 2304 ²2.
439 2268 471 2302 6.

184 2321 197 2338 ‘·'
225 2320 278 2355 Cf.
299 2320 334 2355 Is
360 2320 1508 2363 42.1;Mt3,17;121&17.5:M01,11;L(23‚‘22
1535 2322 1603 2353 etc.

186 2375 198 2391 ³³
226 2374 279 2410 Cf.
300 2375 379 2419 Eph
405 2375 438 2415 4,
468 2375 531 2416 15;
560 2376 592 2412 ἴ),
620 2375 685 2416 ‘233
714 2375 778 2410 Col
798 2376 829 2416 1,
859 2376 913 2410 18.
1076 2375 1088 2393 ⁴
1115 2376 1206 2409 Rom
1233 2376 1254 2409 8
1281 2375 1347 2410 34:
1376 2374 1475 2408 Heln·
1503 2374 1534 2413 7,
1562 2373 1618 2407 ²25.

185 2427 198 2446 ⁵
224 2428 300 2472 Apc
327 2429 359 2469 3,
388 2429 444 2463 21.
593 2429 606 2447 ²⁵
633 2430 687 2464 Cf.
707 2430 763 2464 Mt
791 2430 845 2471 18,
875 2431 919 2464 19
946 2430 1002 2464 20.

188 2482 198 2501 ⁷
224 2483 302 2517 Hoc
327 2495 444 2526 neque
471 2483 507 2517 in
534 2483 642 2524 veris,
669 2495 797 2527 neque,
825 2486 923 2527 puto,
951 2483 988 2518 in
1014 2483 1150 2528 spuriis
1177 2482 1349 2526 Cypriani
1378 2481 1545 2526 operibus
1572 2480 1726 2525 legitur;
1758 2480 1822 2514 sed
1849 2492 1867 2513 a

65 2536 220 2578 Canisio,
255 2537 326 2571 nisi
362 2537 480 2577 fallor,
518 2537 553 2571 in
589 2549 698 2572 manu
734 2537 869 2582 scripto
901 2537 1022 2581 aliquo
1059 2537 1181 2572 codice
1208 2548 1356 2580 operum
1384 2534 1557 2579 Cypriani
1585 2534 1773 2568 inventum
1801 2536 1867 2568 est.

65 2590 197 2625 Scribit
224 2591 366 2634 quidem
390 2592 426 2625 C.
446 2592 506 2625 Dec
529 2592 668 2634 Canye:
697 2591 925 2633 „cardinalia
944 2591 1079 2626 Christi
1101 2602 1220 2634 opera,
1248 2590 1343 2634 apud
1363 2587 1606 2633 Cyprianum“
1628 2587 1867 2629 (Glossarium

65 2644 110 2678 ad
125 2643 325 2688 Scriptores
344 2645 483 2679 mediae
498 2648 536 2680 et
554 2645 697 2680 infimae
710 2646 921 2681 Latinitatis
937 2645 961 2686 I,
982 2645 1211 2679 Francofurti
1227 2644 1271 2679 ad
1284 2644 1453 2678 Moenum
1467 2643 1570 2678 1710,
1587 2642 1684 2679 aem:
1704 2641 1768 2675 sed
1786 2653 1866 2675 cum

65 2697 216 2732 aliorum
244 2701 431 2733 auctorum
457 2699 673 2739 nominibus,
702 2699 737 2733 in
765 2711 835 2742 quo
863 2711 986 2733 eorum
1014 2698 1104 2732 libro
1131 2701 1168 2732 et
1195 2698 1312 2742 capite
1340 2697 1390 2731 ita
1418 2696 1462 2731 ab
1489 2696 1534 2730 iis
1562 2695 1697 2729 dictum
1722 2694 1782 2735 sit,
1809 2694 1867 2728 ad-

65 2754 177 2793 notat,
206 2751 248 2785 de
275 2751 456 2796 cypriano
482 2753 573 2787 nihil
600 2753 673 2787 tale
700 2753 798 2788 dicit.
851 2752 954 2787 Unde
981 2764 1063 2786 eum
1090 2752 1179 2786 haec
1206 2764 1251 2785 ex
1279 2751 1424 2785 Canisio
1450 2752 1656 2784 mutuatum
1684 2759 1764 2781 esse
1789 2759 1866 2781 cen-

65 2816 138 2840 seo.
190 2805 305 2840 Silent
341 2806 382 2840 de
411 2806 603 2850 cypriano,
640 2819 722 2841 cum
748 2807 859 2840 verbo
891 2805 1126 2848 „cardinalis“
1157 2805 1338 2839 interdum
1369 2802 1621 2847 „princip-ali&
1653 2802 1710 2835 vel
1748 2801 1867 2835 simile

67 2859 152 2902 quid
177 2859 376 2904 significari
403 2860 537 2901 dicunt,
566 2862 711 2903 quqridii
729 2862 924 2894 Forcellini
954 2859 1101 2901 „Totius
1125 2858 1338 2893 Latinitatis
1357 2857 1549 2892 Lexicon‘.
1576 2859 1614 2890 et
1637 2857 1869 2896 „Thesaurus

68 2912 210 2958 linguae
247 2913 381 2948 latinae
408 2914 527 2948 editus
553 2914 770 2948 anctoritate
807 2916 844 2948 et
870 2913 1019 2948 consilio
1047 2912 1324 2947 Academiarum
1359 2911 1518 2954 quinque
1546 2909 1862 2944 Germanicarum*

66 2965 141 3007 (III,
169 2966 312 3010 Lipsiae
340 2968 588 3003 1906—1912.
626 2968 690 3002 col.
710 2966 803 3008 44⁶2).
855 2967 908 3000 Ne
936 2968 1237 3000 commemoratur
1273 2964 1417 3008 quidem
1445 2964 1596 3002 verbum
1628 2962 1862 3005 ,cardinalis-

68 3031 182 3063 neque
210 3020 244 3054 in
277 3020 428 3062 „Verbis
454 3021 698 3065 peculiaribus
725 3019 926 3064 Cypriam*
950 3019 1112 3053 collectis
1139 3019 1175 3053 111
1203 3018 1374 3062 Cypriani
1394 3017 1572 3061 Operibus
1590 3016 1755 3051 Basileae
1776 3017 1867 3051 1558

67 3073 185 3115 editis,
214 3086 304 3118 quae
332 3074 441 3108 etiam
467 3075 623 3118 plurima
648 3086 755 3118 opera
774 3073 852 3107 eius
870 3073 993 3117 spuria
1020 3072 1309 3116 complectuntur
1334 3071 1371 3113 (f.
1393 3071 1425 3104 H
1443 3070 1503 3111 6³5,
1530 3083 1646 3114 neque
1668 3070 1703 3104 111
1726 3070 1866 3111 „Indice

68 3127 258 3162 verborum
285 3131 322 3162 et
348 3128 589 3162 locutionum“
617 3140 765 3172 operum
785 3127 968 3171 Cypriani,
997 3126 1057 3169 qui
1077 3128 1200 3160 exstat
1218 3126 1254 3159 in
1277 3124 1469 3168 „Cypriani
1489 3124 1658 3168 operibus
1677 3124 1861 3157 omnibus‘

68 3192 90 3215 a
119 3182 215 3216 Guil.
235 3183 367 3215 Hartel
392 3182 501 3216 editis
526 3182 578 3224 (P.
600 3182 662 3221 III,
690 3181 925 3216 Vindobonae
956 3181 1057 3219 1871,
1085 3180 1298 3214 <tow-4601

188 3241 201 3258 ⁸
226 3241 282 3275 Dn
310 3242 342 3281 9,
370 3242 426 3276 24.
575 3241 589 3259 ⁰
616 3241 695 3284 Eph
721 3241 742 3274 5
769 3241 834 3282 233
864 3240 927 3274 Col
956 3241 986 3280 1,
1017 3240 1070 3274 18.
