2073 3510
516 201 691 245 Friburgo
719 199 970 235 Helvetiorum
1000 200 1101 234 initio
1128 212 1173 234 m.
1197 200 1350 234 Ianuarii
1381 201 1482 235 1533.
1651 225 1653 228 .
1819 203 1901 244 145

99 325 345 373 Catholicis,
370 324 628 379 praesertim
653 322 828 376 indigne
852 323 1084 377 oppressis,
1114 322 1503 364 administram(lam
1528 325 1743 377 spectant.
1780 322 1901 373 Quod

99 395 135 436 si
167 391 393 447 impetrari
424 404 510 431 non
544 390 703 444 potest,
746 390 794 430 ut
826 388 1081 442 amplissimi
1115 388 1411 429 Ecclesiarum
1445 391 1697 443 prouentus,
1740 389 1824 430 imo
1858 390 1902 430 et

98 458 259 511 integri
292 457 583 511 Episcopatus
625 468 702 509 per
744 468 956 495 summam
998 454 1083 495 uim
1117 453 1436 495 haereticorum
1471 455 1622 508 erepti,
1668 454 1902 496 catholicis

100 523 401 569 restituantur,
446 521 603 563 saltem
638 519 856 574 prouideri
891 520 1043 574 possit.
1085 533 1170 573 qua
1205 519 1375 560 rationo
1410 519 1582 567 futuris,
1619 519 1790 573 iamque
1824 520 1902 561 im-

98 589 362 632 minentibus
394 587 437 629 id
470 600 608 640 genus
641 585 1060 640 prophanationibus
1095 587 1139 627 et
1171 584 1416 637 sacrilegijs
1451 585 1532 626 sit¹¹
1575 586 1899 627 occurrendum.

100 656 168 698 Ad
209 655 316 696 haec
360 668 443 708 quo
486 654 616 707 pacto
660 650 865 693 uacantia
898 651 1194 693 Ecclesiarum
1236 651 1351 692 bona
1394 652 1438 692 et
1470 652 1679 693 beneficia
1718 651 1902 693 Ecclesi-

99 721 250 770 astica,
298 734 409 774 quae
455 734 509 761 ex
554 717 777 760 Pontificis
823 716 1056 759 collatione
1102 716 1171 759 uel
1215 716 1512 758 nominatione
1558 717 1798 771 pendent¹,
1850 717 1904 759 ad

99 788 316 830 salutares
360 800 462 827 usus
505 783 701 826 conuerti
736 785 910 837 queant,
955 783 1209 837 priusquam
1252 783 1306 824 ab
1339 782 1521 836 Harpijs
1564 782 1632 824 uel
1672 782 1905 824 haereticis

99 854 303 907 abrepta.
355 850 500 893 obsint
547 849 692 905 potius
741 863 870 903 quam
920 848 1091 903 prosint
1138 848 1385 895 Ecclesiae,
1437 851 1481 890 et
1530 848 1905 890 Antichristianae

98 919 295 961 seruiant
327 931 595 973 synagogae.

222 986 257 1026 7.
294 984 471 1033 querit,
516 985 682 1025 certam
717 996 742 1023 a
774 982 900 1024 Pont:
936 981 1054 1023 Max:
1090 980 1306 1023 rationem
1349 980 1460 1029 iniri,
1505 995 1551 1022 re
1584 980 1699 1022 forte
1744 980 1906 1022 collata

98 1067 195 1094 cum
219 1052 421 1095 Caesare,
458 1064 542 1103 quo
566 1048 692 1090 modo
716 1047 919 1090 Canonici
943 1047 1166 1097 haeretici,
1203 1046 1402 1101 quamuis
1435 1047 1628 1089 illustres
1658 1049 1702 1089 et
1724 1047 1903 1090 nobiles.

99 1133 154 1166 ex
178 1116 510 1159 (Jathedralibus
533 1114 744 1168 Ecclesijs
766 1113 1067 1169 profligentur,
1103 1116 1153 1155 vt
1176 1113 1370 1155 excitare
1403 1113 1666 1167 grauissima
1698 1113 1906 1155 scandala

100 1184 314 1228 desinant,
359 1196 470 1237 quae
503 1184 645 1224 totum
686 1181 839 1222 deinde
883 1180 1044 1222 clerum
1087 1179 1284 1222 inficiunt
1324 1182 1368 1221 et
1402 1182 1708 1234 conspurcant,
1753 1180 1829 1221 sed
1863 1182 1908 1222 et

99 1251 181 1294 toti
197 1249 453 1293 Germaniae
468 1248 646 1302 flagella
661 1248 751 1289 irae
764 1247 935 1290 diuinae
952 1247 1172 1289 concitare
1188 1249 1232 1288 et
1248 1262 1409 1300 augere
1423 1249 1661 1289 cernuntur
1674 1247 1687 1265 ¹¹
1699 1247 1903 1288 maxima.

100 1319 192 1361 Nec
234 1319 382 1372 potest
425 1331 521 1358 cum
563 1316 630 1356 his
664 1314 875 1369 Ecclesijs
908 1329 993 1356 non
1028 1313 1099 1368 agi
1132 1314 1332 1368 pessime,
1378 1313 1421 1355 in
1456 1313 1611 1367 quibus
1650 1328 1705 1355 ex
1744 1313 1907 1355 talibus

101 1383 327 1426 (311110111οῂἸ
350 1383 528 1427 Decani,
553 1381 812 1436 Praepositi,
847 1382 977 1422 immo
1002 1383 1046 1422 et
1070 1379 1276 1435 Episcopi
1301 1380 1535 1434 eliguntur,
1572 1395 1755 1434 quorum
1778 1382 1907 1422 tanta

101 1450 244 1505 coepit
286 1463 381 1491 esse
415 1447 609 1492 audacia,
655 1450 703 1489 ut
735 1447 827 1489 fere
871 1446 1201 1501 quatuordecim
1234 1460 1259 1487 a
1294 1446 1334 1488 S.
1371 1446 1480 1488 Sede
1516 1445 1771 1500 Apostolica
1805 1460 1906 1487 con-

100 1517 390 1558 firmationem
408 1517 557 1570 petere
575 1513 727 1564 nolint,
764 1516 897 1567 utque
921 1515 965 1554 et
983 1513 1215 1554 Caesarem
1233 1514 1511 1554 contemnere
1531 1512 1774 1554 uideantur.
1811 1511 1905 1553 Nisi

101 1585 248 1625 autem
293 1582 374 1624 hoc
420 1580 579 1623 ostium
622 1579 876 1629 rebellibus,
925 1578 1215 1621 schismaticis
1261 1593 1312 1620 ac
1356 1577 1590 1620 haereticis
1637 1578 1905 1624 obstruatur,

101 1648 298 1702 integros
330 1647 623 1702 Episcopatus
664 1645 806 1700 inagis
848 1645 1075 1699 magisque
1119 1644 1287 1695 collabi,
1333 1647 1377 1686 et
1417 1645 1470 1686 ab
1504 1643 1737 1686 haereticis
1781 1658 1906 1685 occu-

102 1714 210 1769 pari.
254 1728 333 1756 nec
376 1714 467 1755 sine
509 1711 836 1767 irrecuperabili
879 1712 1035 1753 damno
1079 1711 1344 1766 prophanari
1387 1713 1431 1752 et
1475 1709 1641 1752 uastari
1675 1709 1797 1751 breui
1831 1709 1907 1751 ad-

102 1781 276 1823 modum
309 1780 559 1822 sentiemus.

225 1848 262 1889 8.
298 1845 476 1897 querit,
513 1860 609 1887 cum
642 1844 767 1887 nouis
790 1844 1019 1899 Episcopis
1053 1846 1097 1885 et
1121 1842 1485 1898 Archiepiscopis,
1522 1858 1653 1896 quum
1676 1841 1719 1883 hi
1743 1842 1908 1885 Romae

102 1928 226 1955 suam
250 1912 505 1955 electionem
529 1910 775 1954 confirmari
797 1913 962 1965 petent,
998 1925 1157 1952 nouam
1185 1909 1375 1963 aliquam
1410 1908 1625 1951 rationem
1659 1909 1906 1957 obseruare,

103 1979 328 2034 proposita
369 1992 523 2033 nempe
565 1978 765 2027 formula,
810 1976 1048 2019 secundum
1081 1991 1211 2030 quam
1253 1976 1296 2017 in
1328 1978 1554 2030 posterum
1588 1975 1905 2017 examinentur.

103 2046 151 2087 In
194 2060 245 2087 ea
287 2045 475 2087 formula
517 2060 603 2086 non
646 2044 785 2086 solum
829 2043 881 2085 de
921 2042 1119 2097 legitima
1159 2042 1370 2084 electione
1404 2042 1537 2091 facta,
1582 2044 1626 2083 et
1660 2041 1775 2083 circa
1808 2056 1908 2095 pro-

102 2111 336 2153 fessionem
368 2111 480 2155 fidei.
525 2113 569 2153 et
603 2111 654 2153 (le
698 2109 945 2152 obedientia
979 2110 1018 2151 S.
1056 2109 1155 2151 Sedi
1197 2108 1477 2164 praestanda.
1522 2108 1598 2150 sed
1632 2111 1676 2150 et
1716 2107 1767 2149 de
1811 2107 1909 2161 alijs

103 2179 215 2219 serio
240 2177 498 2219 admonendi
522 2177 737 2227 uidentur,
774 2178 931 2218 exacto
957 2175 1089 2218 etiam
1113 2175 1370 2217 iuramento
1425 2174 1641 2216 Nimirum
1674 2188 1728 2215 ne
1762 2173 1909 2215 sinant

103 2258 349 2298 quenquam
383 2244 426 2285 in
449 2244 538 2285 suis
562 2242 772 2297 EcclesiJ's
801 2242 1004 2293 ordinari,
1041 2244 1085 2284 et
1118 2242 1173 2283 ad
1197 2241 1510 2283 Canonicatum
1544 2240 1613 2282 uel
1647 2240 1908 2294 dignitatem

104 2313 180 2352 aut
197 2310 451 2352 beneficium
466 2309 725 2364 promoueri,
745 2324 832 2351 non
847 2308 1161 2358 Consiliarium,
1183 2307 1426 2350 Officialem
1445 2309 1521 2349 aut
1536 2306 1908 2360 Ludimagistrum

104 2377 229 2427 effici,
273 2377 355 2418 nisi
397 2377 441 2417 in
475 2376 635 2418 dictam
678 2376 778 2418 fidei
819 2375 1134 2430 professionem
1169 2389 1194 2415 a
1227 2374 1302 2415 Pio
1337 2374 1502 2423 Quarto
1545 2373 1707 2415 editam
1747 2372 1909 2414 diserte

104 2443 350 2485 iuraueriff.
402 2443 568 2484 Deinde
612 2445 659 2484 ut
702 2443 744 2483 in
786 2443 875 2484 suis
919 2442 1029 2483 aulis
1075 2444 1119 2483 et
1164 2440 1374 2493 Ecclesijs
1421 2440 1619 2481 omnibus
1664 2439 1910 2480 haereticos

104 2512 293 2563 apertos.
329 2512 374 2551 et
407 2509 485 2550 sul)
520 2512 704 2563 utraque
738 2509 881 2563 specie
914 2508 1285 2550 cmmmmicantes
1319 2506 1567 2555 excludant,
1603 2505 1802 2559 talesque
1836 2504 1909 2546 de-

104 2574 278 2616 functos
311 2575 354 2616 in
378 2575 644 2617 consecratis
666 2575 772 2616 locis
796 2574 969 2629 sepeliri
994 2576 1156 2616 uetent.
1208 2573 1317 2614 Tum
1342 2575 1390 2614 ut
1412 2572 1601 2626 peritum
1625 2571 1907 2623 Thesssogum.

105 2643 151 2682 et
183 2640 405 2682 Vicarium
450 2656 499 2683 eo
542 2655 719 2683 munere
763 2641 940 2695 cli-gnum
985 2639 1098 2694 apud
1132 2653 1178 2681 se
1211 2639 1404 2681 foueant.
1451 2652 1633 2691 quorum
1668 2651 1797 2691 opera
1834 2652 1909 2690 po—

105 2706 320 2748 tissimum
354 2707 397 2748 in
431 2707 660 2749 uisitandis
694 2707 904 2760 EcclesiJ's
939 2721 989 2748 ac
1022 2705 1301 2759 monasterijs
1335 2719 1412 2746 suo
1446 2707 1642 2757 tempore
1677 2703 1910 2755 diligenter

107 2774 299 2814 utantur.
350 2773 586 2815 Praeterea
620 2773 690 2815 ubi
714 2773 1054 2814 confirmationis
1078 2774 1122 2813 et
1146 2774 1370 2813 extremae
1394 2769 1609 2811 unctionis
1633 2770 1910 2809 sacramenta

106 2838 405 2882 exoleuerunt.
449 2839 535 2880 illic
580 2854 703 2881 usum
746 2853 892 2881 eorum
938 2838 1111 2880 restitui
1154 2839 1328 2879 curent:
1373 2838 1594 2890 postremo
1635 2836 1682 2875 ut
1722 2833 1908 2886 aliquem

106 2903 270 2945 Romae
293 2908 620 2959 procuratm‘em
645 2906 929 2954 constituant,
964 2919 1041 2959 per
1075 2918 1201 2957 quem
1235 2902 1367 2944 tertio
1401 2901 1557 2942 saltem
1592 2913 1762 2953 quoque
1797 2913 1909 2940 aimo

227 2998 255 3023 al
278 2999 338 3023 Hm·
360 3007 382 3023 ι·.
405 3007 498 3030 supra
523 3007 635 3023 rer-rum
663 3000 806 3030 seriphum
829 3002 880 3023 est.
959 2997 989 3024 b)
1012 2999 1032 3022 A
1055 3000 1083 3022 (¹.
1108 3006 1182 3021 eurr.
1207 3005 1242 3021 VJ·
1263 2996 1402 3028 possunt.
1482 2993 1507 3019 (”)
1529 2986 1553 3018 sl
1577 2996 1605 3018 Γ.
1629 3002 1704 3018 eurr.
1728 3002 1764 3017 (21⁴
1785 2992 1906 3018 iurauit.

231 3087 240 3106 ¹
277 3088 332 3121 Ex
382 3088 656 3129 ,Concordatiff
699 3088 913 3122 Germaniae
951 3099 981 3121 a.
1012 3087 1104 3120 1418
1142 3085 1376 3120 Constantine
1415 3087 1451 3117 et
1487 3096 1517 3118 a.
1551 3083 1640 3116 1448
1675 3083 1909 3117 Vindobonao

124 3141 435 3186 Aschaffenburgit
467 3142 619 3175 sancitis
647 3142 792 3176 collatio
828 3141 1083 3175 beneficiorum
1120 3138 1451 3173 ecclesiasticorum
1488 3137 1684 3180 (aliquibus
1721 3136 1907 3180 exceptis&

109 3206 190 3227 cum
216 3195 305 3229 haec
331 3195 517 3228 mensibus
540 3195 713 3234 Ianuario,
736 3195 877 3235 Martio,
902 3194 1008 3233 Maio,
1030 3194 1130 3229 lulio,
1160 3192 1373 3235 Septembri,
1399 3191 1593 3225 Novembri
1615 3202 1745 3224 vacare
1774 3190 1909 3233 coepis-

108 3251 201 3286 sent,
229 3248 273 3282 ad
300 3260 488 3282 roma-num
514 3249 721 3291 pontificem
747 3248 972 3291 pertinebat:
1001 3259 1035 3281 v.
1061 3248 1148 3280 (Ian.
1170 3246 1201 3280 V
1232 3245 1324 3279 116¹.

183 3313 496 3344 Braunsberger.
518 3313 630 3338 canisii
653 3313 809 3345 Epistulae
831 3313 859 3337 et
882 3313 967 3337 Aeta.
1004 3311 1083 3337 vill.
1577 3304 1621 3337 10
