2073 3510
525 140 700 184 Fribnrgo
729 139 977 174 Helvetiorum
1006 141 1036 174 2.
1058 139 1241 173 Februarii
1274 141 1357 173 1:381
1379 140 1435 181 [2²1.
1853 144 1874 184 '4'

83 265 127 305 et
160 261 382 304 Ecclesiae
416 260 665 303 Catholicae
708 260 944 302 vtilitatem
986 260 1140 313 magis,
1185 261 1410 314 magisque
1454 265 1693 316 prosperet.
1738 276 1876 316 neque

82 344 160 371 vos
194 331 366 371 tantum
391 327 619 372 doctiores,
655 326 729 367 sed
755 329 799 368 et
821 325 1034 368 meliores.
1070 327 1344 379 Sanctacque
1368 327 1606 378 Religionis
1640 329 1876 369 obseruan-

31 392 35 397 ’
82 395 216 438 tiores
258 393 395 436 faciat
428 393 469 435 in
503 393 583 434 hoc
626 391 848 446 religionis
890 391 1178 433 afflictissimo
1221 394 1355 433 statu.
1424 392 1578 434 l)iuino
1622 393 1789 439 timore.
1834 397 1875 436 et

82 475 228 504 amore
265 459 370 502 nihil
413 458 633 512 antiquius
667 457 878 506 habeatis,
923 460 967 499 et
1001 472 1111 511 quae
1144 457 1416 513 potissimum
1451 458 1667 499 vocationi
1704 462 1877 501 vestrae

82 526 311 581 quadrant,
356 524 717 579 quemadmmlum
752 523 1049 578 Apostolicam
1083 523 1408 578 Paupertatem.
1456 524 1708 577 Angelicam
1745 525 1877 567 casti-

81 595 231 641 tatem,
277 595 321 634 et
354 591 525 633 Clu-isto
568 589 743 643 dignam
786 589 1090 634 obedientiam.
1135 589 1332 631 omnibus
1365 590 1511 631 mundi
1555 590 1707 644 opibus
1746 594 1877 644 atque

81 658 217 713 copijs
244 656 534 713 anteponatis.
582 656 677 698 Hoc
705 671 834 697 unum
863 658 1076 710 superest.
1107 658 1154 698 ut
1177 671 1245 697 me
1269 656 1428 698 vestris
1457 656 1645 698 omnium
1680 657 1878 711 precibus

81 724 252 766 Christo
295 721 600 772 commendari,
645 736 872 775 meamque
915 724 1184 764 senectutem
1230 724 1378 764 vestra
1420 721 1586 776 pietate
1629 722 1784 766 fulciri.
1829 737 1878 764 ac

81 790 219 832 iuuari
253 789 422 844 cupiam
446 789 739 831 vehementer.
788 787 998 829 Dominus
1022 788 1185 829 Iblsvs
1216 803 1295 829 nos
1307 795 1318 808 ¹·
1338 785 1398 841 ΙὫΙ
1434 787 1475 829 111
1500 790 1684 841 utroque
1708 787 1879 829 1101111110

80 855 318 898 incolumes
351 857 540 897 tueatur.
591 854 748 895 Valete
782 853 824 894 in
849 853 1021 895 Christo
1055 853 1305 895 Charissimi
1343 854 1533 896 Fratres.
1591 854 1752 895 Datum
1787 853 1879 895 Fri-

79 921 207 976 burgi
239 920 542 963 Heluetiorum
576 934 606 961 11
640 918 879 973 Februarij.

657 992 818 1033 Vester
851 991 893 1033 in
927 990 1111 1033 Christo,

1386 1052 1544 1094 Petrus
1577 1052 1786 1094 Oanisius.

201 1148 327 1181 Annus
353 1159 422 1181 non
452 1150 508 1181 est
535 1147 717 1190 ascriptus
744 1146 800 1180 his
829 1146 971 1181 litteris.
1017 1147 1119 1179 Ii'e'ess
1145 1148 1182 1180 et
1200 1147 1279 1180 Ales
1307 1158 1439 1180 annum
1463 1148 1602 1188 Ἦ159·Ρ’““
1635 1148 1680 1181 115
1706 1148 1880 1191 ascripse-

81 1204 174 1236 runt.
228 1201 327 1243 Quae
355 1204 452 1235 certe
480 1201 574 1234 inter
600 1212 713 1235 annos
742 1201 829 1234 1581
860 1202 897 1234 et
925 1201 1015 1234 1597
1044 1200 1149 1234 datae
1177 1203 1281 1237 sunt:
1309 1213 1426 1244 neque
1454 1201 1547 1235 enim
1576 1202 1659 1235 aliis
1685 1202 1790 1235 annis
1818 1203 1880 1235 Ca-

79 1256 196 1290 nisius
223 1255 317 1289 diem
354 1256 385 1290 2.
412 1255 596 1289 Februarii
632 1254 799 1298 Friburgi
827 1254 1079 1288 Helvetiorum
1115 1255 1304 1299 transegit.
1358 1255 1527 1300 Dilingae
1565 1260 1685 1290 autem
1714 1257 1881 1291 Uanisius

81 1323 162 1346 cum
182 1311 273 1345 alias
293 1322 413 1354 saepe,
441 1313 517 1344 tum
537 1321 568 1344 a.
592 1310 683 1343 1580
702 1309 746 1343 ab
766 1309 912 1343 ineunte
932 1310 1007 1343 fere
1027 1321 1151 1343 mense
1172 1309 1319 1343 Octobri
1339 1322 1453 1353 usque
1474 1310 1518 1344 ad
1538 1311 1568 1345 d.
1589 1312 1645 1345 21.
1666 1311 1881 1345 Novembris

80 1368 251 1399 versatus
278 1368 352 1405 est:
382 1376 451 1408 (1110
480 1364 535 1397 die
564 1364 599 1397 in
627 1363 836 1397 Helvetiam
862 1375 992 1397 versus
1020 1363 1199 1398 discessit.
1241 1363 1313 1397 Sub
1341 1364 1483 1398 initium
1512 1365 1624 1409 igitur
1651 1378 1680 1400 a.
1704 1366 1791 1399 1581
1821 1365 1880 1398 Di-

82 1419 203 1464 lingae
231 1430 357 1453 recens
384 1418 463 1452 eius
490 1421 570 1452 erat
595 1418 768 1451 memoria
796 1418 891 1461 apud
918 1417 1070 1451 iuvenes
1098 1418 1133 1451 in
1161 1418 1402 1453 universitate
1430 1419 1492 1453 illa
1521 1419 1654 1453 litteris
1681 1420 1880 1454 studentes.

81 1473 202 1507 Facile
231 1484 316 1517 ergo
342 1472 420 1506 fieri
447 1474 602 1516 poterat.
630 1475 671 1506 ut
697 1472 750 1505 illi
776 1472 994 1516 Friburgum
1025 1472 1173 1514 „xenia“
1206 1472 1269 1506 illa
1295 1473 1493 1509 mitterent.
1529 1486 1592 1517 pro
1620 1474 1752 1517 quibus
1780 1473 1881 1508 Cani-

81 1527 158 1561 sius
184 1527 220 1561 in
246 1527 304 1561 his
330 1526 465 1561 litteris
492 1526 632 1570 gratias
659 1526 744 1570 egit.
787 1525 863 1567 Quo
891 1526 1028 1560 diutius
1055 1538 1140 1560 vero
1169 1526 1229 1560 ille
1249 1526 1399 1571 Dilinga
1425 1527 1562 1564 aberat.
1592 1540 1632 1561 eo
1659 1528 1778 1572 magis
1804 1527 1882 1561 eius

81 1581 254 1615 memoria
282 1581 330 1615 ibi
352 1580 605 1615 evanescebat.
648 1580 730 1614 Ideo
757 1580 915 1614 maxime
935 1580 1135 1614 verisimile
1155 1583 1221 1617 est.
1251 1592 1332 1614 01110
1351 1580 1419 1615 1135
1446 1581 1590 1616 litteras
1609 1594 1639 1616 a.
1661 1582 1750 1615 1581
1772 1581 1881 1625 scrip-

81 1635 186 1670 sisse.
239 1635 365 1678 Neque
402 1634 533 1675 obstat,
568 1634 662 1678 quod
699 1634 866 1668 Canisius
901 1633 1022 1675 (natus
1047 1647 1093 1669 m.
1114 1634 1211 1669 Maio
1238 1646 1268 1669 a.
1291 1634 1396 1675 1521)
1430 1647 1470 1669 50
1501 1635 1593 1677 „iam
1627 1635 1770 1669 senem“
1802 1647 1881 1669 esse

83 1689 230 1725 scribit:
260 1691 403 1723 constat
429 1688 535 1725 enim.
564 1700 645 1722 eum
673 1688 743 1723 cito
770 1688 946 1723 senuisse.
1383 1719 1386 1721 Α

202 1743 304 1776 RIess
330 1745 367 1776 et
393 1743 473 1776 Alet
499 1742 644 1776 litteras
671 1742 775 1776 datas
803 1754 883 1776 esse
911 1742 1096 1776 affirmant
1123 1742 1168 1777 ad
1195 1742 1390 1777 Societatis
1418 1744 1500 1777 Iesu
1536 1743 1687 1778 iuvenes
1714 1743 1882 1788 Dilingae

81 1797 266 1842 degentes.
290 1797 365 1840 ‘qui
403 1796 537 1830 litteris
574 1796 771 1831 studebant
806 1797 957 1840 ideoque
989 1796 1239 1839 „scholastici“
1270 1798 1506 1832 vocabantur.
1559 1797 1608 1831 At
1635 1797 1813 1839 03015105,
1851 1797 1882 1831 51

81 1850 274 1885 Societatis
300 1850 532 1885 scholasticis
558 1850 717 1884 scribere
744 1851 934 1892 voluisset,
963 1862 1024 1885 eos
1050 1863 1119 1885 non
1152 1851 1302 1893 „Patres
1329 1854 1366 1885 et
1390 1852 1539 1886 Fratres
1566 1852 1792 1896 religiosos“,
1819 1852 1884 1886 sed

85 1905 235 1946 „Patres
262 1908 299 1939 et
324 1905 472 1939 Fratres
508 1904 736 1939 carissimos‘*
767 1905 803 1939 in
840 1905 918 1949 ipso
954 1905 1159 1939 litterarum
1187 1906 1334 1940 exordio
1362 1906 1596 1950 appellasset,
1632 1918 1749 1950 neque
1777 1925 1820 1928 η
1849 1906 1884 1940 id

81 1959 177 2004 quod
202 1959 401 1993 maximum
428 1961 650 1993 momentum
668 1959 780 1993 habet
798 1979 841 1981 —
862 1971 923 1993 eos
949 1959 1169 1994 monuisset:
1199 1959 1257 1994 Sic
1276 1972 1341 1994 vos
1361 1963 1578 2004 comparate.
1607 1963 1647 1995 ut
1669 1961 1883 2004 „aliquando

81 2013 125 2047 de
158 2013 272 2047 vestri
308 2013 443 2047 ordinis
478 2013 685 2047 hominibus
721 2016 831 2057 atque
867 2014 1098 2048 monasteriis
1134 2014 1225 2048 bene
1260 2015 1391 2048 mereri
1427 2015 1597 2059 positis“;
1634 2027 1752 2059 neque
1789 2015 1883 2049 enim

82 2079 241 2111 imquam
269 2067 330 2101 ille
358 2067 551 2102 Societatis
579 2068 703 2101 domos
734 2067 993 2109 „monasteria“
1025 2068 1189 2103 vocabat.

202 2122 505 2157 Monasteriorum
531 2122 729 2166 praepositi
756 2122 907 2156 iuvenes
925 2134 1010 2157 51105
1038 2122 1242 2157 litterarum
1261 2123 1394 2158 studiis
1413 2124 1578 2158 addicere
1597 2124 1774 2166 solebant,
1803 2136 1881 2158 cum

82 2188 174 2211 anno
211 2176 367 2211 tirocinii
402 2178 549 2220 peracto
585 2178 671 2210 vota
710 2176 882 2221 religiosa
921 2177 1136 2211 sollenniter
1172 2180 1455 2221 nuncupassent.
1518 2178 1721 2213 Cardinalis
1762 2181 1883 2213 autem

84 2230 170 2265 Otto
197 2230 399 2264 Truchsess
434 2231 470 2264 in
505 2231 643 2274 synodo
680 2230 893 2265 dioecesana
929 2243 959 2265 a.
987 2232 1078 2265 1567
1115 2231 1284 2276 Dilingae
1320 2232 1445 2266 habita
1480 2233 1706 2277 praepositos
1740 2233 1882 2267 eosdem

82 2285 232 2325 monuit,
270 2287 311 2318 ut
338 2285 489 2319 iuvenes
516 2296 602 2319 suos
632 2284 856 2328 „p1·0fess0s“
888 2285 1121 2320 universitati
1149 2286 1355 2331 dilinganae
1391 2287 1578 2321 traderent
1608 2287 1653 2321 ad
1679 2287 1822 2321 litteras
1849 2290 1884 2321 et

83 2338 259 2382 pietatem
287 2338 540 2374 instituendos.
582 2339 621 2373 Id
643 2339 736 2382 quod
763 2339 816 2373 illi
843 2339 969 2373 sedulo
995 2340 1242 2383 praestabant.
1284 2341 1338 2375 Ita
1357 2341 1392 2374 in
1412 2341 1651 2375 universitate
1680 2343 1716 2375 et
1742 2341 1777 2375 in
1805 2353 1884 2375 con-

84 2393 184 2427 victu
203 2392 237 2427 S.
257 2393 470 2437 Hieronymi
490 2405 520 2428 a.
542 2393 635 2428 1574
661 2393 823 2438 religiosi
841 2394 898 2434 30.
926 2406 956 2428 a.
979 2395 1070 2428 1586
1094 2394 1256 2439 religiosi
1276 2395 1321 2429 52
1339 2395 1574 2429 morabantur
1590 2396 1647 2436 (Β.
1663 2396 1772 2428 Dedu-
1790 2394 1822 2429 S.
1839 2395 1883 2434 J.v

85 2445 303 2481 Geschichte
330 2447 393 2481 der
410 2448 431 2481 J
435 2448 576 2481 esuiten
603 2447 638 2481 in
666 2448 734 2481 den
753 2447 918 2482 Landern
938 2448 1131 2483 deutscher
1150 2448 1270 2494 Zunge
1298 2449 1324 2489 Ι,
1352 2449 1528 2494 Freiburg
1547 2449 1567 2484 i.
1587 2449 1646 2484 ΒΓ.
1669 2449 1771 2491 1907,
1791 2449 1883 2484 500).

84 2500 132 2534 Hi
152 2501 196 2535 ad
214 2500 336 2535 varios
361 2501 592 2545 pertinebant
618 2502 772 2537 ordines.
800 2502 957 2536 maxime
985 2505 1107 2536 autem
1134 2503 1178 2536 ad
1196 2502 1462 2542 Benedictinos,
1491 2503 1882 2538 Praemonstratenses.

86 2553 286 2589 Canonicos
312 2554 499 2599 regulares
519 2554 552 2590 S.
573 2555 780 2600 Augustini.
817 2555 950 2589 Eorum
970 2556 1031 2589 alii
1052 2556 1185 2590 litteris
1213 2558 1250 2590 et
1275 2556 1505 2597 humanitati.
1534 2557 1596 2591 alii
1622 2557 1882 2601 philosophiae.

85 2608 147 2642 alii
174 2608 378 2652 theologiae
405 2608 602 2643 studebant
626 2608 765 2649 (Thom.
787 2610 921 2652 Specht,
949 2609 1017 2644 Die
1043 2610 1218 2644 Matrikel
1246 2610 1309 2644 der
1335 2610 1565 2645 Universitiit
1585 2611 1782 2655 Dillingen,
1810 2611 1884 2645 Dil-

86 2662 207 2706 lingen
227 2674 257 2696 a.
277 2662 319 2696 D.
342 2663 444 2700 1913,
474 2664 565 2697 1177
594 2664 706 2703 1178;
735 2664 835 2706 Alfr.
857 2664 1043 2707 Sela-oder,
1071 2664 1138 2698 Die
1157 2663 1331 2698 Matrikel
1359 2664 1421 2698 der
1439 2665 1669 2699 Universitat
1686 2665 1882 2709 Dillingen.

85 2715 361 2760 Registerband,
388 2716 574 2761 Dillingen
601 2729 631 2752 a.
652 2717 694 2752 D.
724 2717 970 2758 1914--1915,
997 2717 1211 2759 4164417).

207 2768 268 2803 810
288 2772 409 2803 autem
429 2770 640 2814 quaesieris,
661 2771 878 2814 quibusnam
897 2771 1078 2816 religiosis
1099 2771 1266 2806 Canisius
1286 2771 1485 2816 scripserit,
1513 2772 1731 2816 respondeo:
1759 2772 1883 2806 Matri-

87 2823 190 2857 011130
218 2823 471 2858 universitatis
499 2824 705 2869 dilinganae
724 2836 755 2859 a.
776 2824 1070 2859 15762158011i
1096 2825 1254 2869 (praeter
1272 2825 1373 2866 alios,
1402 2837 1553 2869 quorum
1581 2826 1664 2860 ordo
1691 2825 1884 2870 religiosus

87 2877 254 2921 cognosci
280 2878 421 2921 nequit)
456 2878 620 2922 inscripti
647 2881 752 2912 sunt:
789 2877 845 2911 Ex
872 2878 1055 2913 canonicis
1081 2879 1310 2923 regularibus
1338 2878 1371 2914 S.
1393 2879 1608 2923 Augustini:
1645 2879 1712 2914 FF.
1733 2879 1884 2913 loannes

87 2930 268 2965 Fauserus
293 2931 413 2973 (1576)
448 2934 485 2965 et
520 2932 671 2966 Ioannes
705 2931 835 2965 Endris
867 2932 997 2973 (1578),
1034 2933 1206 2967 canoniae
1233 2932 1266 2967 S.
1288 2932 1424 2970 Crucis.
1462 2944 1554 2976 (11130
1590 2935 1669 2967 erat
1695 2933 1884 2977 Augustae

88 2984 377 3026 Vindelicorum;
406 2997 451 3019 ex
470 2986 736 3020 Benedictinis:
764 2985 831 3020 FF.
852 2987 1004 3020 Ioannes
1024 2985 1240 3021 Guilielmus
1267 2986 1366 3020 Kant
1391 2986 1510 3028 (1576)
1537 2989 1573 3020 et
1592 2986 1723 3021 Petrus
1741 2987 1885 3021 Walter

86 3037 217 3080 (1579),
254 3039 463 3073 monasterii
491 3039 721 3073 ottenburani
746 3039 1015 3081 (Ottobeuren);
1052 3039 1119 3074 FF.
1140 3040 1347 3074 Bernardus
1373 3040 1495 3074 Miller
1520 3040 1649 3081 (1577),
1687 3041 1885 3075 Othmarus

89 3091 215 3126 Frisch
241 3092 370 3134 (1579),
399 3093 560 3127 Adamus
587 3093 752 3136 Zeyeller
770 3093 899 3135 (1579),
929 3094 1081 3128 1030005
1105 3093 1204 3128 Fock
1224 3093 1353 3135 (1579).
1381 3094 1591 3128 monasterii
1619 3094 1884 3129 ochsenhusani

210 3174 240 3206 a)
261 3176 327 3206 Sic,-
347 3177 537 3207 leyendumne
558 3176 635 3201 uos?
