2073 3510
192 209 274 250 136
719 205 823 239 2168.
856 203 1024 239 Canisius
1051 204 1199 238 Claudio
1226 204 1452 247 Aquavivae.

187 328 477 371 charitate
509 343 613 370 non
646 327 816 370 ficta¹
853 327 1052 377 offerunt,
1094 326 1208 381 quod
1239 326 1430 368 fortasse
1462 341 1549 368 non
1581 329 1746 369 temere
1779 327 1987 382 cogitent,

187 395 231 437 in
274 395 342 437 his
386 393 637 448 regionibus
680 408 839 436 nouam
888 407 1077 447 uereque
1124 393 1386 435 horrendam
1435 395 1480 434 et
1527 393 1769 435 desolatam
1813 393 1990 436 Jndiam

188 460 368 516 reperiri
390 463 629 514 tantoquea
650 459 859 502 maiorem
881 458 1135 514 patientiae,
1171 458 1400 501 charitatis
1424 462 1468 501 et
1491 458 1668 502 uirtutis
1691 459 1830 502 omnis
1863 474 1989 503 exer-

188 527 390 569 citandae
424 526 696 569 occasionem
724 525 882 576 offerri,
918 528 1082 580 quanto
1106 525 1323 567 difficilius
1357 528 1489 579 atque
1522 526 1821 580 praestantius
1845 529 1913 569 est
1935 541 1991 569 ex

186 592 420 636 haereticis
444 592 691 635 Catholicos
724 607 853 647 quam
888 606 943 634 ex
975 591 1188 634 aethnicis
1211 591 1481 633 Christianos
1513 591 1557 633 in
1580 591 1751 634 Christo
1784 593 1988 635 formare.

188 659 388 715 Optarim
431 659 726 714 superioribus
769 658 901 701 etiam
944 660 1076 712 atque
1119 657 1252 700 etiam
1286 657 1591 708 commendari,
1636 661 1685 700 ut
1716 673 1795 714 pro
1827 658 1992 701 nostris

187 726 279 769 siue
311 725 468 776 missis,
504 725 622 767 siueb
654 724 880 767 mittendis
908 725 962 766 ad
995 724 1316 766 haereticorum
1342 724 1438 766 loca
1462 724 1674 779 operarijs
1697 725 1837 766 Deum
1860 739 1991 780 saepe

187 807 238 835 ac
270 791 421 835 sedulo
453 791 623 847 precari
656 791 929 841 mandarent,
970 793 1104 844 utque
1137 793 1338 832 sanctum
1370 790 1451 832 hoc
1485 793 1529 832 et
1561 790 1855 833 necessarium
1887 791 1991 834 mis-

187 859 320 902 sionis
361 858 613 901 institutum
655 857 997 900 commendando
1038 856 1202 899 nostris
1244 856 1414 911 gratius
1458 857 1711 908 redderent,
1756 872 1992 912 eorumque

187 925 354 968 animos
388 925 442 967 ad
477 924 737 967 eiuscemodi
770 938 962 979 pugnam
986 923 1175 977 quodam
1197 923 1350 965 modoc
1382 922 1631 973 incitarent,
1667 926 1716 966 ut
1748 923 1784 966 si
1818 924 1991 978 quando

187 991 434 1035 obedientia
467 991 575 1033 duce
609 991 663 1033 ad
696 991 827 1033 hasce
861 989 1136 1032 uastissimas
1169 989 1413 1044 prouintias
1435 989 1730 1040 mitterentur,
1767 1004 1816 1032 eo
1848 989 1992 1044 magis

186 1058 389 1101 instructi
424 1058 695 1107 accederent,
741 1056 991 1110 nostrisque
1023 1055 1317 1098 necessariam
1351 1055 1693 1098 consolationem
1727 1056 1989 1107 adferrentd,

187 1124 259 1179 qui
301 1139 357 1167 ex
399 1123 542 1166 animo
584 1126 741 1178 petunt
783 1122 996 1172 subsidia,
1042 1124 1086 1164 et
1127 1122 1348 1164 subleuari
1388 1122 1587 1177 profecto
1629 1125 1875 1173 merentur,
1920 1122 1992 1177 qui

185 1194 417 1246 praeterea
449 1190 485 1233 si
519 1190 710 1244 collegas
734 1192 866 1243 atque
890 1191 1197 1244 cooperatores
1220 1188 1445 1239 haberent,
1480 1188 1649 1231 infinita
1670 1188 1991 1232 haereticorum

185 1257 305 1299 milia
345 1256 516 1299 Christo
559 1258 604 1298 et
642 1255 867 1298 Ecclesiae
908 1270 995 1298 non
1036 1255 1099 1298 ita
1140 1270 1300 1309 magno
1341 1255 1519 1309 negotio
1561 1255 1818 1298 lucrifacere
1862 1270 1992 1311 posse

187 1324 451 1366 uiderentur.
495 1323 589 1364 Nec
612 1322 762 1372 refert,
793 1321 829 1364 si
853 1322 1089 1364 uernacula
1110 1321 1261 1376 lingua
1283 1321 1401 1376 loqui
1423 1324 1656 1376 nequeant,
1683 1321 1784 1376 quia
1806 1322 1991 1377 Hispani

187 1392 289 1433 sunt
322 1392 399 1432 aut
421 1388 632 1439 Lusitani,
668 1388 939 1443 aliarumque
960 1387 1187 1430 nationum
1221 1390 1503 1430 externarum
1535 1388 1752 1431 homines:
1788 1388 1992 1443 quoniam

187 1459 232 1499 et
263 1457 419 1498 horum
451 1470 537 1497 non
572 1454 758 1509 exiguus
791 1457 909 1497 esset
932 1469 1035 1496 usus
1068 1453 1112 1496 in
1134 1455 1319 1509 legendo
1343 1457 1476 1509 atque
1499 1455 1705 1505 docendo,
1740 1458 1785 1497 et
1817 1455 1861 1497 in
1894 1455 1992 1510 alijs

187 1522 469 1577 collegiorum
512 1520 668 1576 officijs
711 1520 961 1563 domesticis
1004 1521 1225 1563 obeundis.
1277 1521 1476 1576 Optarim
1524 1521 1694 1563 demum
1741 1518 1832 1575 (cur
1878 1521 1991 1564 enim

186 1588 359 1644 longius
391 1602 535 1630 morer
548 1584 581 1643 P)
613 1603 693 1630 nos
727 1587 799 1642 qui
831 1602 909 1643 per
942 1587 1022 1629 Dei
1056 1587 1247 1642 gratiam
1290 1587 1405 1642 filij
1442 1587 1639 1630 Lucis2
1682 1590 1726 1630 et
1759 1588 1991 1631 Christi

186 1654 468 1698 ministri³
501 1669 662 1705 511111115,
705 1654 759 1696 111
792 1653 1166 1709 generatione
1198 1657 1397 1697 nostra
1430 1653 1581 1708 filijs
1614 1653 1767 1696 huius
1800 1654 1990 1697 seculi⁴

188 1725 232 1765 et
254 1721 465 1764 ministris
487 1723 671 1763 satanae
702 1735 782 1763 nec
814 1719 1192 1776 imprudentiores,
1227 1735 1367 1775 neque
1401 1720 1624 1775 segniores
1648 1735 1755 1763 esse.
1806 1721 1864 1763 Hi
1887 1736 1991 1764 uero

186 1787 453 1842 blandiloqui
487 1790 589 1830 sunt
613 1790 823 1838 oratores,
858 1786 1064 1829 indefessi
1087 1790 1407 1842 procuratores.
1444 1786 1605 1829 assidui
1633 1787 1835 1830 doctores
1858 1790 1990 1842 atque

187 1855 436 1910 scriptores,
481 1853 553 1908 qui
594 1869 674 1896 nec
716 1854 973 1909 sumptibus,
1016 1868 1096 1896 nec
1138 1853 1371 1904 laboribus,
1415 1868 1494 1899 nec
1528 1853 1690 1908 uigilijs
1728 1857 1916 1909 parcunt
1947 1854 1989 1896 in

188 1920 521 1963 disseminandis
564 1920 783 1963 erroribus
826 1923 958 1974 atque
1000 1919 1044 1962 in
1086 1920 1242 1962 sectis*
1280 1919 1588 1975 propagandis
1644 1921 1808 1963 Multos
1840 1920 1902 1962 illi
1936 1921 1990 1963 ad

188 2002 233 2030 se
256 1987 378 2029 miris
401 1987 569 2029 artibus
592 1986 829 2042 pelliciunt,
866 1989 910 2029 et
942 1987 1153 2042 pellectos
1177 1989 1308 2040 atque
1332 1986 1536 2028 seductos
1559 1986 1777 2029 mordicus
1800 1987 1992 2030 retinent

187 2053 561 2108 blandiloquentia
603 2053 694 2095 siue
727 2053 905 2095 mellitis
947 2053 1231 2103 sermonibus,
1275 2052 1432 2095 libellis
1453 2052 1590 2102 ,nouis
1629 2053 1856 2107 eleganter
1889 2068 1990 2096 0011-

188 2120 376 2175 scriptis,
412 2119 611 2162 suauium
635 2119 886 2161 cantionum
910 2134 1002 2170 11511,
1038 2119 1212 2162 selectis
1237 2119 1493 2174 quibusdam
1524 2133 1578 2161 ex
1613 2120 1745 2161 uerbo
1779 2119 1859 2162 Dei
1893 2134 1990 2162 sen—

188 2186 340 2241 tentijs
383 2201 433 2228 30
475 2185 735 2241 praeceptis,
780 2185 898 2228 facili
941 2200 992 2228 ac
1033 2185 1263 2241 perspicua
1306 2185 1486 2228 docendi
1528 2186 1746 2234 methodo,
1792 2200 1903 2240 quae
1937 2187 1991 2228 ad

188 2267 458 2295 communem
486 2252 632 2308 populi
667 2255 843 2308 captum
877 2252 935 2294 sit
968 2253 1309 2294 accommodata.
1360 2253 1430 2294 Ex
1463 2251 1530 2294 his
1563 2252 1698 2306 igitur
1731 2252 1916 2307 alijsque
1949 2252 1989 2295 id

188 2334 325 2373 genus
348 2319 502 2373 medijs
526 2319 663 2361 multa
697 2319 807 2361 sumi
831 2321 1027 2373 possunt,
1063 2334 1174 2372 quae
1198 2318 1421 2361 Catholica
1444 2318 1675 2373 prudentia
1704 2318 1745 2360 111
1768 2319 1989 2361 meliorem

190 2401 324 2437 usum,
360 2386 441 2427 1100
475 2388 555 2435 est,
591 2386 644 2427 ad
679 2385 776 2427 fidei
799 2385 1025 2440 negotium
1048 2388 1201 2427 contra
1224 2385 1470 2427 haereticos
1497 2385 1816 2440 procurandum
1840 2388 1991 2427 sancte

189 2455 431 2494 conuertat.
458 2452 728 2494 Permultum
748 2454 893 2493 autem
913 2452 993 2493 hoc
1015 2466 1123 2493 aeuo
1142 2451 1313 2500 iuuerit,
1335 2451 1369 2493 si
1386 2452 1610 2493 commoda
1630 2451 1794 2506 scripta
1810 2451 1990 2494 subinde

189 2518 325 2560 nostri
362 2517 575 2560 ediderint
609 2521 653 2560 et
686 2517 728 2559 111
764 2518 920 2571 uulgus
954 2517 1209 2572 sparserint,
1244 2518 1329 2559 imo
1363 2520 1407 2560 et
1441 2518 1539 2572 alijs
1572 2533 1881 2572 nonnunquam
1914 2517 1990 2560 do-

190 2584 337 2626 narint
370 2599 423 2625 ex
458 2584 640 2626 diuitum
674 2583 953 2632 liberalitate,
990 2583 1023 2626 si
1058 2587 1301 2638 praeterea,
1336 2587 1428 2626 tum
1463 2584 1599 2626 latina
1634 2587 1726 2626 tum
1758 2584 1989 2626 uernacula

189 2650 339 2703 lingua
363 2650 503 2692 editos
527 2650 702 2700 adferri,
739 2650 864 2691 uendi
900 2650 1072 2704 legique
1106 2650 1299 2692 curarint
1334 2666 1408 2691 eos
1441 2650 1586 2695 libros,
1623 2650 1776 2704 quibus
1803 2649 1991 2692 maxime

188 2717 413 2759 (latlmlica
447 2716 644 2758 doctrina
679 2716 938 2765 illustratur,
984 2719 1027 2758 et
1060 2719 1315 2771 praesentes
1349 2716 1667 2758 haereticorum
1711 2731 1881 2758 errores
1915 2715 1990 2758 eli-

189 2784 361 2825 duntur.
413 2784 526 2825 Nam
562 2783 604 2825 in
638 2785 763 2825 tanta
797 2783 1015 2824 hominum
1051 2782 1318 2833 curiositate,
1364 2798 1475 2836 quae
1509 2783 1562 2825 ad
1597 2783 1827 2837 legendum
1862 2784 1906 2824 et
1939 2782 1991 2824 de

188 2851 270 2892 tide
304 2850 627 2905 disputandum,
672 2852 852 2891 cunctos
894 2849 1156 2904 praecipites
1200 2848 1304 2901 agit.
1353 2849 1562 2891 catholici
1605 2849 1702 2890 libri
1748 2849 1867 2891 uelut
1909 2848 1988 2890 cibi

189 2916 401 2958 famelicis
435 2916 670 2970 quaerendi
705 2918 749 2957 et
773 2915 1037 2970 proponendi
1062 2919 1177 2966 sunt,
1213 2918 1261 2957 ut
1284 2930 1334 2956 eo
1359 2915 1498 2957 minus
1522 2915 1576 2957 ad
1601 2929 1767 2957 uenena
1791 2930 1815 2957 a
1840 2914 1991 2956 uicinis

189 2983 338 3024 oblata
371 2983 618 3024 decurrant.

309 3070 338 3101 a)
360 3073 381 3096 Λ
406 3073 435 3096 (’.
459 3080 534 3096 corr.
558 3079 594 3095 es
614 3072 759 3103 tanquam
784 3073 826 3095 cel
847 3072 969 3103 talique.
1031 3069 1060 3101 b)
1082 3070 1166 3095 511131·
1187 3072 1297 3094 archa.
1358 3072 1383 3094 01
1408 3072 1427 3094 .-Ι
1453 3072 1481 3095 Γ,
1505 3078 1580 3095 cnr-r.
1605 3078 1640 3093 επι-
1663 3068 1825 3101 quomodo.
1885 3068 1916 3096 d)
1937 3068 1989 3093 ad-

189 3113 355 3139 ferronem
377 3115 488 3138 arr-het.
566 3112 594 3138 (ἢ
615 3115 755 3145 Sequitur
775 3114 911 3143 satanae,
932 3115 1023 3138 omitt.

313 3198 321 3216 ¹
350 3199 371 3232 2
399 3198 468 3232 Cor
494 3199 525 3238 (ἰ,
555 3200 586 3233 6.
713 3198 725 3216 ²
753 3198 800 3232 Lc
830 3199 883 3235 16.
912 3199 952 3236 ὃς
985 3198 1019 3231 10
1050 3200 1103 3238 12,
1131 3199 1196 3239 36;
1227 3197 1303 3241 Eph
1331 3198 1363 3236 ἴ),
1391 3199 1433 3235 8:
1467 3196 1619 3231 l'l'hoss
1647 3197 1677 3233 ἴ),
1707 3197 1738 3230 ἴ).

311 3251 324 3269 ³
352 3252 438 3285 Rom
464 3252 515 3291 15,
547 3253 608 3287 115:
641 3253 654 3285 l
679 3252 797 3291 Cor4,
831 3253 867 3287 l:
896 3253 917 3286 ‘2
937 3252 1006 3286 Cor
1027 3253 1079 3292 11,
1108 3253 1172 3292 23;
1202 3251 1263 3285 Col
1290 3252 1377 3290 1,ῖ;
1410 3253 1422 3285 1
1446 3250 1524 3284 'rim
1553 3251 1585 3289 4,
1613 3252 1644 3285 (3.
1756 3250 1767 3267 ⁴
1796 3249 1844 3283 Lo
1875 3249 1927 3284 1⁴3.
1955 3250 1987 3282 S.
