2073 3510
179 200 266 240 344
320 195 424 229 2299.
455 194 626 228 Canisius
653 192 778 227 Ioanni
805 193 921 227 Meier
947 194 984 226 et
1010 191 1193 225 Ludovico
1221 191 1265 226 ab
1292 191 1396 234 Affry
1423 203 1465 225 ac
1493 190 1640 225 Senatui
1669 191 1901 236 friburgensi.

178 319 336 360 Annon
360 331 456 359 sese
479 315 735 369 disiungunt
764 313 838 356 isti
862 314 916 356 ab
939 312 1156 355 vniuersis
1178 315 1299 355 recte
1322 312 1621 363 Credentibus,
1648 313 1720 368 qui
1743 314 1990 369 complures

178 384 269 426 dies
302 384 442 426 festos
475 381 541 424 sui
565 379 809 424 Saluatoris
831 378 1067 422 memoriae
1095 381 1375 421 consecratos
1407 381 1476 421 tot
1509 379 1667 421 seculis
1689 378 1849 433 vbique
1881 394 1988 434 gen-

176 449 287 492 tium
329 448 532 503 religiose
575 448 847 502 receperunt,
895 448 940 488 et
973 447 1229 487 constanter
1261 445 1476 487 hactenus
1510 446 1832 488 obseruarunt?
1894 446 1989 489 Nec

178 517 336 558 desunt
368 514 508 563 hodie,
554 529 579 556 a
613 512 768 567 quibus
806 527 894 554 non
935 512 1093 554 leuiter
1135 510 1418 566 disceptetur.
1463 510 1521 553 sit
1553 525 1607 553 ne
1640 511 1989 555 Dominicus
2046 516 2047 521 ’

178 583 339 626 dies1.
375 581 496 624 cuius
530 580 663 623 etiam
685 578 883 621 meminit
906 578 1122 621 Iohannes
1145 577 1448 632 Euangelista,
1482 580 1695 633 perpetuo
1730 581 1774 621 et
1807 579 1989 621 solemni

177 649 264 692 ritu
297 649 444 704 palam
478 646 829 690 sanctificandus.
880 644 1057 687 Etenim
1090 645 1220 686 rebus
1252 644 1297 686 111
1330 643 1540 698 religione
1564 644 1778 687 nouandis
1812 644 1986 696 addicti,

176 716 257 758 hoc
290 730 403 757 nunc
437 713 660 770 proprium
693 714 859 756 tenent.
894 714 944 754 vt
967 711 1132 753 cultum
1165 711 1257 753 fere
1282 725 1453 753 omnem
1476 713 1720 762 externum,
1757 711 1829 765 qui
1852 711 1991 754 sacris
2048 718 2049 723 ’

176 782 300 836 ferijs
324 795 374 823 ac
396 779 573 835 templis
592 778 836 829 adhibetur,
861 777 1080 820 hostiliter
1098 777 1380 819 insectentur.
1427 778 1684 832 Quanquam
1701 792 1788 820 non
1804 781 1990 833 possunt

176 847 371 898 inficiari,
408 861 618 902 expresso
642 845 722 888 Dei
746 845 880 887 verbo
905 858 1000 887 esse
1024 847 1379 890 consentaneum,
1414 846 1463 886 vt
1487 843 1615 886 sicuti
1645 844 1825 887 tertium
1848 845 1989 887 Deca-

177 914 265 969 logi
299 915 584 970 praeceptum
618 912 801 967 requirit
817 913 843 961 ²,
887 926 974 953 non
1007 911 1134 953 modo
1170 911 1430 953 Iudaeorum
1465 926 1695 966 synagoga
1730 914 1871 963 vetus,
1912 911 1991 958 sed

177 983 222 1023 et
257 980 531 1023 Christianus
572 979 759 1034 populus
801 978 846 1020 111
888 977 1107 1020 exteriore
1141 977 1261 1019 cultu
1296 977 1350 1019 ad
1392 977 1549 1019 summi
1579 977 1660 1020 Dei
1693 977 1879 1032 gloriam
1912 991 1990 1020 ex-

177 1049 391 1097 erceatur,
427 1045 674 1099 Christique
698 1043 871 1086 Domini
896 1046 940 1086 et
963 1043 1129 1099 Capitis
1152 1043 1218 1086 sui
1242 1043 1540 1086 conformetur
1574 1044 1774 1099 exemplo
1789 1043 1815 1085 3.
1861 1043 1990 1086 Tole-

177 1113 404 1155 rabiliores
427 1111 489 1154 illi
512 1125 716 1154 censores
734 1110 951 1161 videntur,
978 1109 1050 1164 qui
1068 1112 1118 1152 vt
1141 1109 1304 1164 aliquid
1327 1110 1469 1152 veteri
1492 1110 1735 1152 concedant
1749 1109 1986 1160 Ecclesiae,

176 1179 349 1221 illorum
373 1179 634 1221 Sanctorum
658 1176 943 1220 celebrandas
966 1176 1101 1219 ferias
1125 1176 1361 1231 excipiunt,
1388 1175 1461 1230 qui
1484 1175 1527 1218 in
1545 1176 1827 1231 Euangelicis
1849 1175 1991 1219 literis

176 1245 500 1300 praedicantur,
526 1243 891 1298 quemadmodum
914 1242 1196 1285 beatissimae
1219 1241 1415 1296 Virginis
1438 1242 1669 1297 Deiparae,
1697 1242 1989 1285 laudatissimi

177 1311 424 1367 Prophetae
458 1310 664 1352 Iohannis
697 1308 942 1364 Baptistae,
983 1308 1320 1351 lectissimorum
1354 1309 1681 1364 Apostolorum,
1725 1308 1990 1364 percelebris

177 1378 480 1432 Magdalenae,
516 1375 751 1430 eximijque
774 1374 1117 1431 protomartyris
1141 1374 1364 1430 Stephani.
1416 1375 1538 1426 Quod
1561 1389 1692 1430 porro
1720 1375 1774 1417 ad
1798 1374 1990 1429 reliquas

177 1444 387 1487 Diuorum
420 1442 555 1486 ferias
589 1441 762 1492 attinet,
808 1456 883 1483 eas
916 1441 990 1484 isti
1022 1456 1109 1483 non
1142 1440 1357 1496 religiose,
1400 1441 1476 1483 sed
1508 1441 1685 1496 politice
1718 1444 1905 1492 tantum,
1940 1443 1991 1483 vt

175 1511 257 1567 ipsi
289 1511 541 1565 loquuntur,
586 1524 612 1552 a
652 1508 814 1564 populo
853 1507 1021 1551 seruari
1054 1522 1183 1563 posse
1217 1508 1500 1551 contendunt.
1552 1508 1684 1559 Quasi
1717 1522 1822 1551 vero
1855 1523 1990 1564 penes

175 1579 254 1621 hos
297 1579 342 1620 et
382 1575 585 1632 politicos
627 1575 685 1618 sit
727 1574 975 1617 authoritas
1018 1590 1145 1617 sacra
1183 1574 1381 1630 profanis
1418 1574 1721 1630 permiscendi,
1767 1577 1811 1618 et
1844 1577 1991 1617 certas

174 1642 500 1700 praescribendi
542 1642 664 1697 leges
696 1641 828 1684 matri
861 1641 1087 1684 Ecclesiae
1130 1656 1227 1684 011111
1260 1641 1387 1696 graui
1425 1641 1711 1696 plurimorum
1752 1641 1990 1685 offensione

176 1714 309 1765 atque
331 1708 675 1766 perturbatione.
726 1709 957 1751 Postremo
981 1723 1036 1751 ex
1059 1708 1184 1751 nouis
1216 1707 1544 1763 legislatoribus
1572 1708 1790 1763 prodeunt
1813 1707 1989 1763 quidam

175 1778 284 1820 adeo
316 1777 437 1819 lenes
480 1778 612 1831 atque
652 1776 902 1827 clementes,
947 1778 996 1818 vt
1030 1790 1081 1818 ea
1114 1775 1326 1818 Diuorum
1358 1776 1492 1818 Festa
1535 1775 1784 1831 recipienda
1815 1778 1986 1830 putent,

176 1859 288 1899 quae
305 1840 583 1886 venerandae
602 1842 881 1897 antiquitatis
904 1842 1156 1885 testimonio
1180 1842 1552 1893 commendantur,
1579 1844 1623 1885 et
1645 1856 1806 1896 magno
1824 1841 1989 1885 Vtrius-

176 1926 258 1965 que
291 1909 584 1965 Magistratus
618 1923 831 1951 consensu
865 1908 1064 1951 stabilita
1096 1909 1179 1951 huc
1212 1923 1350 1963 Vsque
1383 1911 1691 1964 perseuerant:
1737 1923 1868 1962 quum
1902 1907 1987 1950 alia

175 1992 287 2033 quae
320 1976 540 2019 inferioris
563 1975 717 2018 classis
741 1978 785 2018 et
807 1975 987 2018 minoris
1009 1975 1214 2031 ponderis
1244 1977 1298 2017 ab
1332 1975 1437 2030 ipsis
1461 1975 1742 2030 deputantur,
1776 1972 1989 2017 mutanda

175 2047 220 2087 et
244 2043 458 2086 abolenda
483 2057 578 2086 esse
602 2044 823 2085 censeant.
874 2043 1083 2085 Fatemur
1107 2042 1281 2096 quidem
1303 2057 1382 2084 nos
1407 2041 1665 2093 Orthodoxi,
1700 2041 1815 2084 inter
1837 2041 1988 2084 huius-

174 2110 289 2153 modi
314 2109 464 2153 Ferias
487 2109 604 2151 haud
628 2108 835 2163 exiguum
859 2123 954 2151 esse
978 2108 1222 2160 discrimen,
1258 2111 1303 2151 et
1330 2108 1542 2163 quasdam
1576 2108 1675 2163 alijs
1709 2108 1985 2158 antecellere,

175 2177 251 2219 sed
284 2176 411 2219 simul
446 2175 694 2225 asserimus,
729 2174 923 2229 iniquum
958 2176 1011 2217 ab
1045 2174 1131 2217 illis
1153 2175 1381 2230 postulari,
1418 2174 1489 2229 qui
1513 2175 1627 2228 quod
1650 2174 1989 2229 Magistratibus

174 2242 499 2285 Ecclesiasticis
531 2257 609 2297 per
642 2241 730 2283 vim
764 2242 983 2291 auferunt,
1019 2241 1101 2283 sibi
1135 2244 1358 2296 arrogant,
1395 2242 1447 2284 de
1470 2241 1610 2296 Ferijs
1632 2255 1788 2296 nempe
1810 2243 1986 2283 mutan-

175 2308 240 2351 dis
274 2312 407 2363 atque
440 2307 756 2358 imminuendis,
802 2307 931 2362 idque
965 2309 1019 2350 ab
1061 2307 1147 2350 illis
1186 2308 1278 2350 fieri
1318 2311 1495 2363 praeter
1528 2322 1706 2357 morem,
1754 2309 1799 2349 et
1832 2309 1987 2349 contra

175 2375 422 2430 exemplum
457 2374 719 2430 optimorum
752 2374 1015 2430 Principum,
1057 2377 1101 2417 et
1134 2374 1557 2430 spectatissimorum
1590 2374 1923 2428 Imperatorum.

296 2441 558 2496 EApropter
591 2440 635 2482 in
666 2440 734 2483 his
769 2441 953 2495 alijsque
977 2440 1245 2495 adversarijs
1276 2441 1392 2483 haud
1425 2440 1583 2483 leuiter
1606 2439 1724 2482 viros
1746 2439 1987 2495 prudentes

175 2507 368 2557 offendit,
395 2507 508 2561 quod
532 2521 628 2549 sese
651 2510 745 2549 tum
767 2506 1063 2557 Pontificibus,
1089 2510 1183 2550 tum
1206 2507 1436 2562 Episcopis
1459 2506 1699 2548 insolenter
1723 2508 1984 2559 exaequent,

175 2573 370 2627 adeoque
413 2573 689 2628 impudenter
722 2576 1007 2628 anteponant,
1052 2574 1174 2615 velut
1208 2588 1262 2616 ex
1305 2573 1497 2628 ipsorum
1540 2571 1812 2627 praescripto
1853 2585 1985 2613 causa

175 2640 227 2681 de
261 2639 398 2681 sacris
432 2642 476 2681 et
510 2639 718 2693 religione
753 2639 991 2681 decidenda
1024 2639 1093 2682 sit.
1144 2640 1336 2682 Peccant
1368 2642 1612 2694 praeterea,
1661 2638 1774 2692 quod
1809 2637 1851 2679 in
1884 2652 1985 2692 pro-

174 2705 318 2761 posito
353 2709 613 2760 argumento
636 2705 786 2748 multis
810 2705 962 2755 modis,
998 2708 1047 2747 vt
1071 2705 1271 2756 diximus,
1307 2705 1421 2748 inter
1455 2719 1500 2747 se
1537 2704 1617 2760 ipsi
1653 2703 1905 2751 dissideant,
1941 2706 1987 2745 et

175 2771 357 2813 subinde
399 2786 536 2814 nouas
579 2772 700 2826 leges
733 2773 872 2826 figant
905 2774 1038 2825 atque
1072 2774 1272 2826 refigant,
1317 2771 1393 2813 sed
1428 2770 1499 2825 qui
1543 2771 1635 2813 fere
1678 2770 1732 2812 ad
1767 2768 1986 2811 deteriora

174 2837 301 2879 hodie
344 2838 644 2892 prolabuntur.
711 2838 1031 2880 Posuerunt
1074 2838 1188 2880 enim
1231 2853 1287 2879 os
1330 2852 1482 2879 suuni
1526 2836 1579 2878 in
1622 2835 1890 2880 0001111114,
1936 2838 1985 2876 vt

176 2905 314 2946 Vates
347 2904 519 2946 diuinus
552 2905 756 2958 loquitur,
802 2907 846 2947 et
880 2904 1002 2958 quasi
1037 2920 1133 2947 011111
1168 2904 1324 2947 Atheis
1357 2904 1486 2959 impie
1520 2902 1835 2958 conspirantes,
1880 2901 1982 2943 illud

174 2969 299 3011 nobis
323 2970 519 3012 occinere
543 2970 769 3013 videntur:
805 2970 1109 3021 Quiescere
1143 2970 1420 3012 faciamus
1454 2984 1639 3011 omnes
1673 2968 1782 3010 dies
1815 2968 1985 3009 festos

176 3051 199 3077 a
234 3039 320 3078 ter
333 3036 431 3078 ras'.
483 3036 594 3078 Illud
628 3037 765 3079 multo
800 3040 868 3079 est
900 3036 1106 3079 insulsius
1131 3040 1264 3091 atque
1288 3035 1590 3085 damnabilius,
1626 3035 1738 3089 quod
1772 3033 1815 3076 hi
1848 3047 1984 3075 noua-

302 3144 306 3160 ¹
337 3144 435 3187 Apoc
466 3145 494 3184 l,
528 3145 578 3178 10.
730 3144 741 3161 ²
770 3144 899 3178 (⁴12le
927 3146 983 3181 20,
1012 3145 1149 3184 Sesti:
1179 3144 1228 3177 Dt
1254 3144 1286 3183 ἴ),
1310 3144 1352 3177 12
1406 3143 1459 3177 Ῑῖ).

298 3198 309 3213 ³
337 3198 390 3231 Cf.
412 3198 470 3231 Mc
501 3199 529 3238 l,
559 3199 624 3234 ‘312
655 3198 701 3231 Le
729 3200 761 3233 2,
790 3198 835 3232 42
862 3198 928 3233 4:32
957 3198 988 3232 4.
1023 3199 1082 3232 Ηὶῑ
1115 3198 1148 3230 lo
1176 3199 1208 3234 2,
1238 3198 1301 3232 13:
1331 3197 1362 3238 ἴ),
1394 3198 1431 3231 l:
1462 3198 1492 3232 ἶ,
1521 3198 1551 3231 2
1596 3198 1657 3230 10:
1690 3196 1742 3235 10,
1771 3196 1816 3229 22
1843 3195 1899 3228 23.

298 3251 307 3267 ⁴
338 3251 385 3288 ΡΒ
414 3252 467 3285 72.
497 3253 528 3285 Ξ).
679 3250 692 3269 ⁵
722 3251 766 3285 l's
795 3252 850 3286 73.
878 3254 909 3285 8.
