2073 3510
883 246 981 279 1589,
1737 250 1814 289 301

32 370 180 406 arbitrio
217 381 285 403 non
322 367 529 411 sumpserit.
583 368 671 400 Cum
699 378 742 399 ex
772 368 847 399 tota
874 365 1026 398 dioecesi
1057 365 1089 398 in
1118 372 1331 399 romwntnm
1362 368 1553 409 quotannis
1590 367 1646 407 agi
1675 367 1822 400 solitum

32 436 155 458 onmes
175 421 422 457 Ecclesiastici
452 432 540 464 pene
561 419 756 454 uenissent.
785 418 943 452 eiusdem
972 422 1099 461 rogatu
1121 420 1293 452 Saevi-«los
1313 420 1354 452 111·
1375 421 1507 453 nostris·
1528 433 1619 454 viius
1639 421 1671 453 in
1694 431 1823 459 magna

33 477 265 512 Sacerdotum
303 474 507 518 frequentia
544 473 741 507 orationem
778 472 905 506 habuit.
941 484 1047 514 quam
1078 472 1133 505 vbi
1165 478 1376 515 perorasset.
1415 475 1561 514 egregia
1589 474 1824 517 pijssimaqne

33 532 75 566 de
102 530 209 565 rebus
244 529 434 563 admodum
473 527 688 570 necessariis
725 527 821 561 faeta
849 527 993 560 decreta
1030 527 1186 569 praelegi
1225 528 1480 571 obseram-ique
1514 529 1629 562 iussit.
1667 540 1757 570 qnae
1786 531 1825 559 vt

33 583 238 620 executioni
266 582 525 617 mandarentur
550 581 707 625 singulis
726 581 871 615 decanis
890 580 1238 614 animadversioiwm
1268 593 1372 623 quani
1395 582 1545 624 primum
1569 581 1823 614 instituendam

33 637 275 673 demandauit.
327 636 430 669 Jdem
470 648 531 679 pro
568 635 713 678 pietate,
751 635 884 677 quain
914 634 1206 668 Ecclesiasticam
1245 635 1470 677 disciplinam
1510 636 1644 668 feruido
1677 635 1824 677 rapitur.

35 691 171 726 nullius
197 689 446 724 Ecclesiastici
485 689 527 723 ob
564 692 703 723 reatum
742 689 898 731 aliquem
935 700 1039 721 suum
1077 688 1215 721 euocati
1254 689 1500 731 purgationem
1539 689 1708 723 admittit.
1741 688 1824 730 quin

34 745 135 790 prius
161 757 181 779 a
209 744 402 778 Societatis
438 743 580 776 homine
616 746 847 777 sacrosancte
874 754 912 775 se
940 744 1132 786 purgatum
1170 742 1328 775 eiusdem
1359 755 1464 775 manu
1494 744 1546 775 111-Ι
1577 743 1679 782 signo
1707 742 1826 784 aliquo

36 799 262 834 testificetur.
309 798 401 831 Hinc
429 799 467 831 111
497 800 537 831 vt
563 797 681 831 auersi
710 796 868 840 alioquin
897 809 917 830 a
944 796 1124 830 Societate
1152 795 1398 829 111-(1951351191
1428 800 1585 830 nostram
1615 801 1645 829 91
1676 795 1826 829 auctori-

39 856 150 888 tatem
178 855 214 886 et
241 852 529 886 beneuolentiam
567 863 763 895 agnoscere
800 850 952 885 discant.
974 879 979 885 .
1001 879 1036 885 ..
1074 850 1108 884 Si
1144 850 1236 884 alias
1271 850 1303 883 in
1332 862 1417 883 vera
1446 850 1589 884 vincula
1626 850 1828 893 quicunqne

37 907 134 941 Laici
163 906 364 941 inciderint.
392 909 453 939 aut
482 909 578 939 certe
604 917 753 949 poenam
776 904 916 938 Domini
938 903 1072 947 Vicarij
1103 904 1231 937 iudicio
1259 903 1410 937 dandam
1431 904 1502 937 sint
1531 903 1740 937 commeriti.
1769 915 1830 934 eos

37 969 242 994 nostrorum
270 959 419 994 arbitrio
447 959 599 1002 primum
629 959 708 993 vult
736 959 830 993 DEO
859 958 1057 1002 dependere
1084 970 1228 1002 poenas.
1271 958 1402 991 Eodem
1430 958 1548 991 animo
1580 956 1727 990 Pal-ochi
1756 956 1829 998 qui-

37 1015 118 1049 dam
155 1013 216 1056 alij
254 1013 414 1057 religiosi
443 1012 663 1055 Confessarij
701 1024 766 1047 nos
801 1025 864 1056 pro
892 1012 937 1055 ijs
965 1024 1054 1056 quos
1091 1011 1246 1046 audituri
1286 1014 1388 1045 erant
1423 1023 1531 1054 saepe
1563 1011 1830 1044 consuluerunt,

38 1069 107 1102 imo
136 1071 175 1102 vt
202 1079 288 1101 suos
314 1067 522 1101 audiremus
548 1067 742 1110 plurimum
771 1070 955 1110 rogarunt,
983 1069 1092 1109 atque
1120 1068 1160 1099 vt
1186 1078 1293 1099 veros
1319 1065 1440 1099 11991111,
1471 1065 1637 1099 l’astores
1665 1063 1731 1107 ipsi
1760 1063 1830 1095 oui-

38 1122 139 1156 911135
175 1121 302 1155 1111111111
339 1121 565 1155 confessione
603 1120 844 1164 praeiuerunt.
899 1121 943 1154 Et
969 1119 1185 1164 praecipuus
1216 1132 1256 1153 ac
1284 1119 1460 1163 singulari
1489 1119 1544 1152 vir
1571 1118 1732 1152 doctrina
1760 1116 1832 1150 Fri-

38 1175 229 1220 burgensis
248 1174 347 1209 vrbis
368 1174 552 1208 Parochus
578 1174 685 1208 simul
706 1177 742 1208 et
761 1174 854 1208 Cleri
877 1173 1067 1208 Deeanus¹
1096 1173 1259 1217 pluribus
1286 1173 1411 1206 diebus
1438 1173 1531 1206 domi
1560 1175 1704 1206 nostrae
1731 1169 1818 1214 spiri

38 1230 200 1264 tualibus
236 1229 384 1263 vaoauit
421 1228 754 1264 exercitationibus.
792 1231 892 1262 tanto
929 1240 1009 1262 cum
1043 1227 1152 1262 animi
1191 1229 1330 1261 feruore
1358 1230 1398 1261 vt
1433 1227 1629 1261 etiamnum
1664 1225 1707 1259 ad
1742 1224 1833 1258 idem

39 1295 129 1328 opus
156 1283 258 1317 velut
284 1282 508 1326 postliminio
535 1282 650 1317 redire
678 1282 823 1327 cogitet.
867 1281 1016 1316 Tradita
1042 1285 1128 1316 sunt
1155 1281 1279 1316 eadem
1307 1281 1495 1325 aptissima
1524 1279 1709 1323 religionis
1735 1290 1834 1312 arma

40 1337 128 1372 certi
165 1337 300 1371 ordinis
339 1336 546 1370 hominibus
583 1338 759 1380 quotquot
786 1336 821 1370 in
849 1336 972 1370 eodem
1008 1336 1129 1370 ordine
1166 1335 1318 1379 professi
1357 1334 1513 1375 essent²y
1552 1346 1701 1377 quorum
1729 1343 1833 1365 vsum

41 1392 139 1426 breui
167 1395 328 1435 tempore
354 1394 496 1425 tantum
524 1390 766 1432 11111111119111111,
805 1394 845 1424 ut
871 1402 986 1434 neque
1014 1390 1057 1424 ad
1084 1390 1265 1434 propriam
1292 1390 1448 1423 salutem
1477 1389 1611 1428 melior,
1649 1399 1764 1430 neque
1791 1386 1834 1420 ad

40 1446 285 1490 profligandos
317 1445 442 1479 hostes
469 1445 586 1479 acrior
618 1444 801 1488 expectari
838 1445 1027 1488 potuisset.
1080 1445 1193 1478 Erant
1220 1444 1271 1478 illi
1299 1444 1453 1487 primum
1482 1442 1706 1487 negotiorum
1733 1440 1835 1484 spiri-

43 1500 197 1535 tualium
224 1511 373 1543 prorsus
401 1502 570 1543 expertes
590 1517 596 1523 ·
616 1511 710 1533 nuno
738 1499 862 1533 uideas
889 1501 1001 1533 totam
1030 1499 1206 1533 familiam
1234 1498 1278 1532 ad
1296 1498 1441 1532 modum
1468 1500 1612 1531 nostrae
1634 1495 1835 1531 Societatis,

44 1554 214 1588 instituta
240 1556 386 1597 praeter
410 1552 581 1587 horarum
603 1553 849 1587 decantionem
874 1552 1107 1586 meditatione
1126 1555 1162 1586 et
1180 1552 1345 1586 examine
1364 1551 1682 1586 aoeommffllatam.
1719 1550 1835 1593 Vaga-

44 1608 177 1642 bantur
203 1607 296 1641 alias
316 1607 352 1640 in
371 1607 459 1641 vrbe
488 1607 649 1650 forisque
676 1607 811 1651 singuli
838 1607 998 1645 liberius,
1025 1619 1118 1641 nunc
1146 1606 1240 1641 intra
1267 1607 1426 1640 claustra
1445 1618 1484 1639 se
1503 1605 1697 1639 continent.
1733 1604 1836 1638 Pate-

43 1662 129 1696 bant
157 1664 263 1695 antea
292 1660 403 1695 etiam
430 1661 642 1695 mulieribus
669 1661 799 1702 onmia,
833 1672 927 1694 nunc
954 1673 997 1694 ne
1024 1661 1114 1695 viris
1141 1661 1348 1704 quidquam,
1382 1660 1451 1694 nisi
1480 1663 1653 1704 quantum
1681 1659 1838 1693 humana

44 1715 197 1759 requirit
224 1715 438 1755 necessitas,
468 1718 504 1748 et
529 1715 737 1749 necessaria
764 1715 926 1759 postulat
946 1714 1164 1750 humanitas.
1202 1715 1248 1749 Et
1272 1727 1315 1748 ne
1340 1717 1475 1748 temere
1495 1714 1689 1757 quidquam
1710 1715 1840 1757 agatur

45 1769 158 1805 initio.
187 1774 250 1803 aut
268 1781 312 1802 ne
331 1768 432 1812 prius
459 1780 517 1803 res
536 1769 626 1803 bene
645 1772 773 1813 coepta
801 1769 1016 1807 dimittatur,
1046 1781 1153 1812 quam
1181 1769 1422 1804 confirmetur.
1451 1769 1527 1812 ipse
1549 1767 1708 1802 familiae
1728 1766 1840 1801 totius

46 1824 155 1857 Pater
182 1822 353 1867 appensis
381 1823 449 1856 sibi
478 1823 644 1857 clauibus
670 1823 857 1867 portitoris
883 1823 1049 1867 fungitur
1072 1823 1202 1858 officio.
1242 1823 1398 1857 Auditus
1417 1836 1435 1856 e
1454 1822 1699 1857 subordinatis
1724 1821 1841 1865 potior

46 1877 301 1911 exercitiorum
321 1888 467 1911 suorum
489 1877 606 1911 locum
626 1877 788 1911 crebrius
814 1877 1020 1918 inclamare,
1048 1877 1083 1911 in
1104 1889 1172 1921 quo
1192 1877 1307 1921 prima
1333 1889 1420 1911 suae
1447 1877 1579 1911 salutis
1605 1876 1718 1915 initia,
1748 1874 1840 1918 quod

47 1931 177 1971 aiebat,
210 1931 422 1965 felicissime
450 1930 676 1975 repe1·isset.“
730 1932 902 1976 Magnam
930 1931 1049 1965 adfert
1074 1931 1162 1966 haec
1189 1931 1342 1965 mutatio
1369 1931 1643 1965 admirationem
1675 1928 1751 1972 „ijs,
1780 1928 1840 1971 qui

46 1985 148 2030 prius
174 1985 395 2019 monasterio
422 1985 524 2019 velut
550 1985 706 2029 hospitio
734 1986 787 2019 vti
815 1985 990 2025 5019113111,
1029 1986 1114 2029 quin
1141 1986 1249 2020 etiam
1278 1986 1420 2019 illorum
1449 1984 1613 2028 exemplo
1641 1983 1737 2017 Laici
1766 1982 1841 2026 qui-

47 2040 128 2074 dam
156 2039 301 2074 adducti
329 2039 479 2074 eandem
506 2040 803 2074 exercitationem
830 2040 1061 2081 meditantur,
1089 2042 1125 2074 et
1145 2040 1288 2083 quidem
1316 2040 1351 2073 id
1377 2051 1483 2083 posse
1510 2039 1675 2072 videmur
1693 2040 1733 2071 vt
1751 2036 1842 2071 alios

47 2097 122 2128 tam
149 2093 348 2138 religiosos,
387 2105 494 2136 quam
522 2094 706 2128 seculares
733 2094 768 2127 111
795 2106 874 2128 eam
901 2094 1163 2138 'pertrahamus
1189 2097 1356 2131 mentem,
1394 2094 1456 2127 sed
1484 2093 1535 2127 ita
1561 2091 1751 2136 angustiae
1778 2102 1843 2124 nos

48 2147 267 2181 domesticae
305 2147 525 2181 contrahunt
560 2147 672 2181 nullis
698 2151 739 2182 vt
766 2148 948 2182 commode
976 2148 1094 2182 locum
1121 2148 1245 2182 cedere
1272 2148 1464 2192 possimus,
1502 2147 1612 2181 donee
1639 2146 1767 2189 hyems
1794 2144 1842 2178 di-

47 2202 160 2236 missa
188 2201 363 2235 laxiorem
393 2201 496 2236 nobis
522 2201 785 2236 habitationem
810 2202 1003 2245 relinquat.
1026 2231 1032 2237 .
1053 2231 1059 2237 .
1081 2231 1087 2237 .
1124 2202 1327 2237 Vniuersus
1355 2202 1519 2242 Senatus,
1547 2200 1672 2244 paucis
1699 2198 1842 2242 quibus-

48 2256 131 2290 dam
158 2255 332 2299 exceptis,
370 2267 509 2299 aequus
545 2255 732 2299 bonusque
760 2256 862 2290 nobis
889 2268 968 2291 esse
996 2256 1105 2300 eupit,
1143 2257 1236 2299 quod
1274 2256 1482 2299 frequenter
1508 2254 1722 2298 experimur,
1760 2252 1843 2285 (111111

48 2309 221 2343 bonorum
248 2312 453 2343 nostrorum
482 2321 592 2344 causa
620 2310 678 2345 uel
698 2322 778 2344 eum
799 2311 1031 2351 consulimus,
1059 2310 1167 2344 119191
1193 2310 1450 2354 supplicamus,
1479 2312 1542 2343 aut
1568 2320 1686 2342 coram
1715 2306 1843 2340 iudicio

49 2363 318 2398 contendimus:
355 2363 417 2397 vbi
445 2374 590 2407 semper
616 2363 761 2398 facilem
789 2367 825 2398 et
850 2364 1064 2408 placabilem
1099 2364 1304 2408 nostrisque
1331 2364 1496 2407 partibus
1522 2363 1705 2397 fauentem
1732 2360 1843 2394 sensi-

49 2428 140 2456 mus,
178 2417 265 2451 adeo
293 2421 334 2451 vt
364 2429 444 2451 cum
472 2417 516 2451 ad
543 2418 718 2461 pauculos
745 2430 763 2452 e
790 2418 924 2452 Senatu
961 2415 1206 2452 controuersia
1240 2418 1415 2462 quaedam
1452 2420 1575 2451 nostra
1602 2416 1721 2449 delata
1748 2418 1842 2449 esset

51 2469 148 2513 ijque
185 2473 310 2504 contra
337 2483 412 2511 nos,
452 2472 547 2515 quod
582 2483 652 2505 11011
680 2471 730 2506 113
764 2472 939 2512 fauerent,
976 2472 1194 2506 sententiam
1230 2471 1539 2515 pronunciassent,
1576 2470 1698 2503 nullus
1723 2472 1841 2502 tamen

51 2536 172 2558 eorum
200 2524 320 2561 fuerit.
351 2525 411 2568 qui
438 2537 517 2559 eam
548 2525 591 2559 ad
620 2537 685 2560 nos
712 2526 908 2560 sustineret
934 2526 1093 2570 perferre
1105 2528 1128 2561 ³.
1166 2537 1295 2568 resque
1322 2525 1388 2558 hac
1415 2524 1553 2558 ratione
1580 2524 1720 2566 integra
1747 2533 1843 2554 nian-

51 2577 151 2611 serit.
203 2577 328 2621 Neque
373 2582 471 2613 certe
508 2582 673 2623 coeptum
709 2580 911 2614 aedificium
939 2580 1009 2614 iam
1037 2592 1057 2614 a
1084 2592 1150 2614 sua
1182 2572 1402 2623 perfectione
1428 2578 1534 2622 longe
1561 2577 1704 2611 abesset
1716 2575 1738 2611 ³.
1776 2574 1842 2607 nisi

52 2631 172 2665 bellici
209 2632 390 2667 tumultus
426 2633 514 2668 adeo
548 2633 658 2668 vieini
696 2633 968 2671 obstitisseiit⁴,
1006 2634 1040 2667 111
1078 2633 1207 2677 quibus
1244 2632 1403 2666 unanimi
1440 2631 1596 2664 omnium
1633 2629 1843 2662 Senatorum

52 2686 234 2720 sententia
270 2687 479 2722 necessaria
505 2687 586 2722 visa
618 2691 674 2722 est
701 2688 920 2722 moeniorum
959 2687 1174 2721 restauratio
1202 2687 1246 2720 ad
1274 2698 1380 2729 quam
1408 2696 1531 2718 omnes
1567 2695 1655 2726 pene
1692 2679 1843 2725 operarij

53 2742 156 2774 erant
182 2740 385 2775 adhibendi.
408 2770 414 2775 .
436 2769 441 2775 .
463 2769 470 2776 .
510 2741 644 2775 Nostra
672 2753 813 2785 quoque
850 2741 1001 2775 consilia
1033 2753 1077 2774 ex
1104 2740 1161 2773 his
1194 2744 1229 2773 et
1256 2752 1274 2771 9
1300 2739 1430 2782 populo
1457 2738 1577 2780 plures
1605 2739 1645 2769 vt
1670 2734 1845 2769 salutaria

53 2797 249 2829 sectantur.
272 2823 277 2829 .
300 2823 333 2829 ..
376 2794 465 2829 Cum
505 2795 606 2829 ciues
643 2795 867 2829 dissensione
904 2795 1057 2837 quadam
1087 2793 1207 2827 varias
1244 2793 1278 2826 iu
1316 2796 1438 2835 partes
1473 2790 1768 2824 distralwrentur.
1807 2792 1843 2821 vt

54 2847 217 2881 nonnulli
245 2848 369 2892 regijs,
397 2849 460 2891 alij
489 2861 574 2883 vero
595 2848 779 2888 Guisiacis
805 2849 970 2892 partibus
997 2847 1305 2882 adhaerescerent.
1336 2857 1464 2879 venere
1491 2844 1534 2878 ad
1561 2855 1626 2877 nos
1652 2842 1844 2886 praecipui.

163 2930 192 2959 a)
214 2932 262 2957 Sic
282 2939 318 2956 eJ·
339 2933 457 2956 Anmo's
480 2933 540 2957 illis
560 2933 686 2956 Litteris
709 2933 842 2956 romanis
861 2932 947 2962 posui
966 2939 1021 2961 pro
1043 2929 1088 2954 1191
1112 2928 1236 2953 auderet
1259 2928 1308 2952 aut
1334 2926 1492 2959 perferret,
1513 2934 1585 2957 qnae
1605 2928 1671 2949 sun!
1695 2925 1721 2949 in
1743 2932 1844 2956 ustum&

179 3016 188 3034 ¹
217 3015 454 3050 Sebastianus
475 3016 691 3052 Verronius:
720 3016 764 3050 cf.
790 3027 896 3058 supra
926 3026 956 3057 p.
981 3015 1059 3047 ΠΗ.

177 3068 189 3087 ‘²
217 3069 424 3113 Significari
452 3072 539 3113 puto
567 3071 700 3103 fratres
720 3069 853 3102 ordinis
874 3067 1111 3101 Eremitarum
1133 3067 1165 3099 S.
1189 3064 1379 3108 Augustini
1402 3063 1665 3107 t'riburgenses:
1694 3062 1738 3095 cf.
1762 3063 1847 3094 Bm·-

57 3124 158 3163 thim·y
186 3122 297 3157 Bonh.
327 3124 370 3157 745
398 3123 469 3157 90².
618 3122 631 3141 3
660 3122 873 3156 Aedificium
902 3119 1042 3160 ‹wllegii
1066 3118 1277 3152 Societatis:
1307 3129 1338 3151 v.
1366 3128 1472 3159 supra
1501 3117 1631 3159 111177.

177 3176 189 3194 ⁴
219 3177 337 3211 Gallia
376 3177 480 3211 bellis
517 3176 763 3220 hugonotticis
799 3174 986 3215 flagrabat.
1043 3173 1229 3206 l’raeterea
1258 3175 1331 3204 tota
1360 3173 1499 3204 aestate
1536 3182 1643 3213 prope
1672 3170 1760 3201 fines
1790 3169 1846 3201 l'ri-

58 3229 258 3274 burgenses
286 3233 406 3264 castra
436 3230 591 3264 habebat
620 3229 813 3263 exercitus.
842 3239 945 3270 quem
975 3227 1148 3259 Bernatos
1175 3225 1253 3258 duci
1276 3224 1473 3257 Sabandiae
1501 3222 1725 3266 opponebant
1752 3222 1846 3256 t‘‹›d.

59 3283 210 3327 friburg.
244 3283 358 3324 „Hist
388 3284 467 3317 (toll.
497 3283 610 3317 Fribf
642 3295 674 3325 p.
703 3283 764 3315 13.

132 3348 442 3379 Brannsberger.
464 3348 577 3373 Canisii
603 3346 756 3379 Epistulae
778 3347 805 3369 91
829 3346 912 3370 ,19111
948 3344 1023 3368 ΥΗΙ.
1519 3336 1557 3369 ’51
