2073 3510
195 226 283 268 330
336 223 441 257 2290.
470 222 640 257 Canisius
667 222 706 256 P.
728 221 884 267 Georgio
912 221 1033 256 Salbio
1053 221 1087 257 S.
1107 222 1139 257 J.
1179 222 1357 267 Friburgo
1377 222 1630 257 Helvetiorum
1657 223 1713 258 27.
1733 223 1822 258 Maii
1843 224 1945 259 1591.

192 345 561 401 peregrinatione.
613 344 750 387 Orate
777 343 1023 395 Dominum,
1059 346 1109 387 ut
1141 345 1369 387 confirmet
1401 344 1445 386 in
1477 344 1564 396 illo,
1601 345 1716 400 quod
1747 346 1898 389 multis
1931 348 2005 390 ab-

191 412 293 454 hinc
316 411 442 454 annis
463 426 551 454 non
574 410 666 453 sine
689 425 851 465 magno
873 410 1112 453 multorum
1141 410 1289 452 fructu
1312 410 1456 466 coepit
1479 411 1695 466 Dilingae,
1731 412 2004 469 Ingolstadij,

194 481 327 533 atque
360 478 404 520 in
436 478 519 521 hac
552 480 650 520 tota
682 476 927 520 Provincia.
977 477 1201 519 Orandum
1235 476 1368 519 etiam
1401 477 1526 520 nobis
1558 493 1637 533 pro
1671 478 1868 521 exercitu
1900 479 2005 522 Hel·
2054 515 2055 518 ,

194 544 449 595 veticorum,
486 558 614 599 quem
646 543 854 586 Pontifex
877 543 1098 585 Maximus
1132 558 1218 585 una
1251 558 1348 585 cum
1381 543 1594 586 Italorum
1617 544 1762 600 Copijs
1794 544 1933 588 mittit
1964 545 2007 589 in

194 610 394 661 Galliam,
440 613 489 653 ut
530 611 612 653 hoc
654 610 798 653 nobile
831 610 1033 665 Regnum
1075 609 1243 652 tamdiu
1287 609 1523 661 afflictum,
1568 613 1613 653 et
1656 625 1911 666 oppressum
1955 613 2006 656 ab

192 677 442 720 Haereticis
475 677 654 719 tandem
689 676 923 731 aliquando
957 676 1262 719 restituatur¹.
1313 676 1384 718 Ex
1417 676 1594 719 Nostris
1628 678 1756 721 electi
1789 681 1892 721 sunt
1925 679 2007 722 duo

193 744 240 786 P.
275 744 543 793 Everardus,
580 746 625 786 et
657 744 703 786 P.
740 743 1035 794 Chunrardus,
1072 743 1144 797 qui
1179 745 1227 785 ut
1260 742 1513 798 spirituales
1547 744 1734 799 operarij
1769 759 1872 787 suas
1906 745 2013 789 dent
2042 733 2051 745 ⁸

194 824 351 866 operas
374 809 600 861 Militibus,
635 810 749 853 sicut
783 810 823 852 S.
844 810 896 852 D.
916 810 971 852 N.
1008 812 1053 852 et·
1084 810 1131 852 P.
1159 809 1385 852 Generalis
1407 810 1689 865 postularunt
1704 811 1730 853 2.
1772 812 2009 856 Habebunt

192 876 255 919 illi
289 877 460 919 abunde
497 877 611 931 quod
645 879 795 931 agant,
832 879 965 931 atque
1001 875 1250 919 sustineant
1282 876 1327 918 in
1359 876 1442 918 hac
1474 877 1620 931 longa,
1656 880 1701 920 et
1734 877 1899 920 difficili
1933 892 2008 921 ex-

193 943 426 999 peditione,
472 947 521 986 ut
553 943 710 986 merito
743 944 841 986 illos
874 943 1060 985 Domino
1095 943 1399 985 commendare
1433 943 1680 986 debeamus.
1746 944 1909 987 Potens
1943 947 2009 988 est

195 1024 366 1064 quoque
390 1010 558 1052 Sathan
581 1010 625 1052 in
647 1009 898 1052 Haereticis
921 1009 1063 1059 valde,
1099 1011 1144 1051 et
1166 1008 1434 1051 horribiliter
1462 1010 1781 1063 grassantibus,
1817 1014 1861 1054 et
1884 1026 2009 1055 sacra

195 1076 360 1131 passim
406 1076 745 1132 profanantibus
789 1091 877 1118 non
922 1075 1014 1118 sine
1059 1075 1321 1126 miseranda,
1370 1078 1414 1118 et
1459 1076 1729 1131 deploranda
1772 1077 2009 1120 multarum

194 1142 492 1185 Ecclesiarum
526 1142 845 1186 devastatione.
898 1142 968 1185 Sic
1001 1142 1115 1185 enim
1148 1144 1313 1191 nostra,
1350 1144 1394 1184 et
1426 1142 1664 1185 multorum
1688 1143 2009 1187 Catholicorum

194 1212 378 1264 peccata
419 1212 656 1260 merentur,
702 1212 751 1252 ut
792 1209 933 1252 iratus
966 1209 1086 1251 Deus
1127 1208 1290 1259 multis,
1336 1208 1632 1263 gravibusque
1674 1210 1863 1265 flagellis
1903 1211 2008 1254 Ger·
2048 1246 2050 1254 .

194 1275 397 1326 maniam,
443 1278 487 1318 et
522 1276 709 1318 Galliam
742 1275 909 1331 puniat,
951 1290 1162 1330 suamque
1195 1274 1424 1318 Justitiam
1457 1275 1819 1327 inobedientibus,
1862 1291 1912 1319 ac
1944 1276 2008 1319 in-
2047 1274 2051 1309 ἓ

194 1341 337 1396 gratis
371 1341 598 1385 evidenter
632 1343 851 1385 ostendat.
903 1342 1136 1384 Caeterum
1159 1341 1334 1384 divinae
1356 1341 1545 1384 bonitati
1569 1342 1739 1396 gratias
1763 1357 1860 1398 ago,
1896 1344 2008 1398 quod

194 1408 425 1462 Elvangae
458 1409 618 1451 bonam
651 1408 830 1451 navaris
864 1423 1043 1464 operam
1075 1408 1120 1450 in
1152 1407 1381 1450 Dominica
1414 1422 1556 1451 messe
1571 1409 1598 1460 ·''’',
1647 1409 1847 1464 quodque
1879 1409 2009 1453 isthic
2048 1427 2050 1429 ·

196 1489 282 1516 una
305 1488 402 1516 cum
426 1474 661 1529 Religiosis
683 1475 884 1526 libenter,
920 1489 971 1517 ac
994 1474 1232 1529 tranquille
1256 1473 1446 1516 verseris
1458 1474 1488 1525 ⁴,
1525 1477 1573 1517 ut
1602 1475 1695 1530 jam
1728 1475 1887 1518 iterum
1910 1476 2009 1519 huic
2048 1470 2049 1474 ¹

194 1541 469 1584 obedientiae
493 1545 596 1584 tuae
629 1541 793 1585 fructui
821 1556 876 1584 ex
901 1541 1045 1584 animo
1079 1541 1277 1596 gratuler
1303 1562 1311 1570 ·
1337 1540 1555 1584 discamus
1589 1541 1748 1597 ubique
1775 1543 2007 1586 Dominum
2049 1583 2051 1585 .

195 1611 473 1663 praesentem
502 1623 754 1664 agnoscere,
791 1611 836 1652 et
868 1611 1069 1651 sanctam
1103 1608 1197 1663 ejus
1230 1607 1578 1651 benedictionem
1610 1609 1747 1661 nobis,
1784 1609 2008 1665 operibus-

195 1689 278 1728 que
310 1675 475 1718 nostris
508 1676 690 1718 reddere
724 1676 976 1718 salutarem.
2050 1727 2052 1730 y

316 1742 538 1784 Fortassis
570 1758 711 1785 novus
734 1742 966 1785 Antistes⁵
989 1745 1111 1785 tuam
1136 1756 1307 1796 quoque
1329 1741 1573 1797 postulabit
1597 1756 1787 1797 operam,
1823 1744 1872 1784 ut
1895 1742 2007 1797 quod

196 1807 462 1851 catechismo
507 1809 723 1851 tradendo
766 1809 970 1865 coepisti,
1024 1823 1329 1864 progressum,
1383 1811 1428 1851 et
1470 1823 1719 1851 successum
1761 1809 1924 1851 habeat
1964 1808 2006 1851 in

321 1928 327 1945 ¹
358 1928 557 1973 Gregorius
576 1929 673 1963 XIV.
694 1928 752 1962 his
780 1928 893 1972 copiis
913 1928 1041 1973 Ligam
1061 1928 1262 1962 adiuvabat
1288 1931 1414 1962 contra
1433 1928 1631 1962 Henricum
1650 1927 1738 1970 xlv>
1757 1928 2006 1963 Navarraeum
2048 1957 2049 1962 ,

195 1985 439 2027 pugnantem:
468 1983 513 2018 cf.
534 1984 665 2026 Mayer
691 1983 712 2018 l.
734 1995 762 2017 c.
785 1983 815 2016 11
844 1983 924 2017 270.

317 2037 329 2054 “-’
357 2037 474 2072 Electi
511 2040 616 2072 erant
652 2050 697 2071 ex
735 2038 889 2082 collegio
928 2036 1132 2071 lucemensi
1170 2037 1241 2072 PP.
1272 2037 1480 2071 Everardus
1513 2036 1719 2071 Cremerius
1755 2040 1792 2071 et
1827 2038 2009 2072 Martinus
2048 2082 2050 2085 .

195 2090 402 2126 Conradus:
430 2104 493 2136 pro
522 2092 704 2126 Cremerio
731 2095 865 2129 tamen,
894 2094 935 2126 ut
953 2093 1064 2126 [111161-
1082 2091 1245 2126 Lucerna
1271 2092 1327 2126 20.
1349 2091 1440 2125 1111111
1470 2092 1559 2125 1591
1582 2091 1798 2134 Aquavivae
1820 2092 2006 2136 *scripsit,

196 2145 234 2179 P.
256 2144 434 2190 Georgius
454 2146 619 2190 Heppius
646 2159 692 2181 ex
719 2146 872 2191 collegio
900 2146 1179 2191 ingolstadiensi
1207 2146 1345 2180 milites
1367 2145 1530 2180 comitari
1552 2146 1675 2180 iussus
1694 2149 1751 2180 est
1768 2148 1827 2189 <ex
1846 2149 2007 2191 autogn:

196 2199 315 2234 Germ.
338 2201 406 2234 169
433 2200 457 2235 f.
480 2201 546 2235 177
559 2200 594 2241 a).
2050 2235 2051 2245 ,

318 2254 331 2271 ³
361 2255 540 2296 „Rursum
561 2255 774 2299 Elwangam
811 2254 926 2289 nostri
962 2254 1031 2288 hoc
1058 2265 1150 2288 anno
1178 2253 1234 2287 bis
1261 2256 1362 2288 terue
1389 2255 1476 2287 sunt
1502 2253 1644 2287 euocati
1671 2265 1692 2288 a
1714 2254 1881 2298 Principe
1908 2254 2008 2289 illius
2050 2256 2052 2263 ¹

195 2308 264 2342 loci
293 2308 600 2354 vigilantissimo“
624 2309 848 2354 VVolfgango
870 2321 891 2344 a
909 2309 1059 2343 Hausen
1079 2308 1287 2352 praeposito
1307 2307 1457 2351 capituli
1477 2307 1694 2343 elvacensis.
1717 2337 1722 2342 .
1745 2337 1750 2342 .
1773 2337 1778 2342 .
1812 2308 2007 2352 „Tempore
2050 2303 2052 2316 '

194 2363 504 2407 supplicationum
531 2375 595 2407 pro
624 2362 745 2398 Gallia
771 2363 1024 2398 institutarum
1052 2363 1151 2397 ciues
1172 2375 1262 2406 pene
1284 2374 1409 2396 omnes
1436 2362 1595 2396 confessi
1616 2366 1712 2397 sunt.
1735 2392 1740 2397 .
1764 2392 1768 2397 .
1792 2392 1797 2398 .
1827 2363 2008 2407 Principis

195 2420 343 2461 sumptu
381 2417 531 2462 elegans
567 2417 674 2452 civib.
695 2417 897 2452 excitatum
933 2416 1077 2460 Dominj
1115 2416 1360 2460 sepulchrum,
1398 2416 1525 2450 multis
1552 2416 1694 2450 occasio
1721 2429 1876 2462 magnae
1903 2417 2007 2452 deuo·
2050 2448 2052 2467 ,Ι

196 2471 316 2506 tionis.
339 2501 344 2506 .
367 2501 372 2506 .
396 2501 401 2506 .
430 2472 471 2505 111
497 2472 604 2516 pagis
631 2483 774 2515 quoqne
802 2471 934 2505 vicinis
962 2471 1087 2505 eodem
1114 2474 1276 2514 tempore
1296 2470 1545 2505 confessiones
1564 2470 1710 2505 auditae
1738 2471 1926 2514 plurimae.
1968 2471 2007 2505 In
2050 2479 2052 2481 ’

196 2526 270 2560 alia
307 2526 463 2569 quadam
492 2526 696 2569 Elwacensj
736 2526 951 2560 excursione
988 2526 1090 2560 iussu
1120 2525 1365 2560 Illustrissimi
1394 2524 1574 2568 Principis
1611 2525 1731 2559 omnia
1766 2525 1903 2569 templa
1929 2525 2008 2560 eius

197 2580 324 2614 ditioni
361 2580 527 2615 subiecta
563 2592 583 2614 a
618 2580 755 2614 nostris
783 2580 936 2614 visitata
961 2582 1058 2621 sunt,
1096 2580 1293 2614 multorum
1329 2579 1514 2613 hominum
1549 2579 1734 2613 commodo
1761 2579 1944 2623 spirituali
1971 2582 2010 2614 et

198 2634 310 2669 divini
339 2634 461 2669 cultus
488 2635 797 2670 instauratione‘:
827 2636 842 2653 *
861 2636 1015 2668 Litterae
1040 2647 1181 2669 annuae
1208 2634 1417 2679 provinciae
1438 2634 1653 2668 Germaniae
1679 2634 1877 2678 superioris
1897 2635 1927 2668 7.
1944 2633 2007 2668 Fe·
2050 2644 2051 2647 ’

195 2689 331 2723 bruarii
361 2690 450 2723 1591
481 2689 599 2729 datae,
632 2689 855 2734 „Collegium
884 2689 1140 2734 Dilinganun1“
1171 2689 1304 2730 (Germ.
1336 2689 1399 2723 141
1431 2689 1454 2723 f.
1484 2688 1591 2729 278³).
1645 2688 1832 2733 Elvangae
1863 2700 1893 2723 a.
1916 2688 2002 2722 1591

202 2743 332 2778 „statis
368 2744 496 2778 diebus
531 2744 789 2788 poenitentiae.
827 2744 1012 2788 piaculare
1049 2756 1194 2778 sacrum
1231 2744 1351 2778 obiere
1388 2743 1488 2778 mille
1525 2743 1714 2787 quingenti
1743 2742 2007 2787 quinquaginta

196 2801 358 2842 septem:
381 2827 386 2832 .
410 2827 414 2832 .
437 2827 443 2832 .
482 2798 516 2832 in
545 2798 757 2841 quotidiana
784 2798 975 2832 Uatechesi
1004 2798 1220 2832 distributae
1249 2797 1501 2831 institutiones
1528 2797 1608 2841 piae
1636 2796 1797 2830 eiusdem
1828 2796 2008 2840 Principis

197 2853 390 2896 sumptffl:
421 2853 563 2886 Relatio
591 2852 633 2886 de.
662 2852 814 2897 collegio
843 2853 1039 2896 dilingano,
1068 2852 1103 2885 in
1127 2853 1297 2893 „Litteris
1321 2852 1516 2886 Societatis
1545 2851 1626 2885 Iesu
1654 2851 1803 2885 duorum
1832 2863 2007 2886 annorum
2052 2874 2053 2878 =

202 2907 335 2941 MDXC
365 2910 401 2941 et
428 2907 619 2946 111οΧ00,
650 2907 783 2941 nomae
814 2907 915 2945 1594,
944 2907 1023 2942 294.
2052 2899 2053 2903 ’

319 2960 331 2979 ⁴
359 2960 504 2995 Salbius
540 2961 764 3004 praefectum
802 2962 935 3005 agebat
963 2961 1133 2995 iuvenum
1162 2961 1426 3005 religiosorum,
1465 2961 1525 3005 qui
1554 2972 1600 2994 ex
1627 2959 1811 2994 variorum
1840 2959 2003 2993 ordinum
2052 2990 2053 2999 ,

199 3015 441 3054 monasteriis.
470 3015 636 3059 inprimis
662 3015 822 3049 suebicis
848 3020 885 3050 et
911 3016 1116 3055 helveticis,
1144 3016 1330 3059 Dilingam
1350 3015 1385 3048 in
1405 3015 1679 3049 contubernium
1701 3014 1780 3048 sive
1800 3013 2005 3047 convictum

199 3070 233 3104 S.
255 3070 468 3113 Hieronymi
496 3070 757 3106 mittebantur:
795 3083 828 3105 v.
850 3083 961 3114 supra
987 3083 1019 3114 p.
1040 3071 1121 3105 3⁸29.
1178 3070 1456 3111 „Conuictorum
1485 3069 1686 3113 Collegium
1714 3068 1803 3102 adeo
1830 3067 2004 3103 excreuit.

201 3127 243 3157 vt
267 3124 375 3167 tquod
403 3136 524 3158 rarum
553 3125 658 3165 alias)
685 3125 719 3158 in
747 3125 824 3159 solo
855 3124 1102 3159 Humanitatis
1127 3124 1327 3167 Gymnasio
1354 3123 1505 3168 triginta
1532 3122 1699 3157 Monachi
1727 3120 2004 3161 11111ne1·entur“;

204 3179 349 3221 Relatio,
378 3178 420 3212 (lo
448 3191 519 3222 qua
546 3191 665 3222 supra,
694 3179 774 3213 adn.
795 3180 816 3213 3
842 3179 877 3219 (l.
899 3192 927 3213 0.
948 3178 1039 3219 291).

321 3231 334 3249 ⁵
363 3233 580 3276 Marquardo
607 3245 627 3267 a
649 3233 742 3277 Bvrg
769 3234 824 3267 ⁶28.
848 3233 1003 3267 Ianuarii
1026 3233 1113 3266 1:391
1144 3235 1296 3269 mortuo,
1325 3232 1464 3265 electus
1491 3234 1548 3265 est
1566 3231 1758 3274 episcopus
1777 3232 2005 3274 augustanus
2053 3250 2055 3258 ι

201 3287 255 3320 21.
278 3287 399 3320 Martii
431 3288 516 3320 1591
552 3287 702 3321 loannes
731 3290 817 3320 otto
846 3300 863 3321 a
894 3286 1142 3330 (lenimingen.
