2073 3510
188 204 267 243 14⁵2
715 199 818 233 2168.
852 198 1019 232 Canisius
1047 199 1196 233 Claudio
1224 198 1451 242 Aquavivae.

181 322 382 365 infectus.
429 336 477 363 ac
513 321 634 363 uelut
678 321 888 363 arundo
932 321 1122 364 uentis
1166 323 1442 377 agitata¹.
1488 323 1570 365 huc
1604 323 1705 365 illuc
1738 324 1989 379 impellitur,

182 391 315 442 utque
348 387 573 443 plaerique
607 401 712 429 sane
737 387 838 441 quid
863 388 1056 439 credant,
1094 392 1138 431 et
1171 389 1259 431 utri
1291 389 1407 444 parti
1442 390 1711 432 adhaereant
1745 404 1790 432 se
1823 390 1991 433 nescire

179 455 481 509 profiteantur.
544 454 613 495 Ita
656 468 760 507 ergo
804 453 980 496 uiuunt³
1016 455 1246 499 Catholici.
1295 459 1343 497 ut
1385 455 1494 498 satis
1536 459 1693 511 putent
1734 456 1993 512 principalia

179 520 278 562 fidei
312 519 563 562 Catholicae
606 519 752 574 capita
795 519 997 563 retinere.
1042 536 1197 576 parum
1239 521 1440 563 interim''
1474 524 1550 564 aut
1592 522 1699 563 nihil
1741 522 1899 565 soliciti
1939 523 1991 565 de

180 586 428 641 praeceptis
452 585 676 628 Ecclesiae
701 587 998 629 obseruandis.
1032 587 1083 629 de
1106 588 1232 630 Pont:
1258 588 1377 630 Max:
1404 588 1674 630 authoritate
1699 589 1989 642 agnoscenda,

181 653 233 695 de
251 652 499 707 plaerisque
523 652 743 707 dogmatis
766 653 1037 708 recipiendis.
1064 668 1175 708 quae
1198 655 1487 697 humanarum
1510 655 1797 697 traditionum
1819 654 1991 697 nomine

181 720 508 775 comprehensa.
545 723 589 762 et
613 720 745 774 uulgo
771 720 1028 763 Germanico
1052 735 1232 775 prorsus
1257 735 1391 763 exosa
1425 724 1527 763 sunt
1562 721 1733 763 reddita
1765 721 1992 763 fraudibus

180 786 513 829 haereticorum.
551 787 718 829 01111110
743 787 794 829 de
820 786 1019 829 usuraria
1042 787 1277 842 prauitate,
1311 802 1422 841 quae
1445 803 1624 843 prorsus
1648 788 1763 843 apud
1785 787 1993 842 populum

180 853 378 896 inualuit.
427 856 471 895 et
512 853 696 908 publicis
738 853 908 907 legibus
951 854 1209 896 confirmata
1243 856 1322 903 est,
1369 854 1533 896 dicere:
1569 855 1723 908 Neque
1756 853 1993 896 manifesta

181 919 610 974 ope1·a-oa1·11is²
653 919 901 973 adiungam,
947 934 1058 973 quae
1100 919 1264 975 passim
1309 920 1536 963 Germanis
1580 920 1762 971 usitata,
1809 923 1853 963 et
1895 934 1993 962 cum

180 986 483 1040 frequentibus
516 986 701 1028 istorum
725 986 1161 1028 commessationibus
1194 1002 1280 1028 non
1309 990 1494 1042 possunt
1516 1002 1603 1029 non
1627 1002 1722 1029 esse
1746 986 1989 1029 coniuncta.

304 1059 449 1112 Atque
484 1073 538 1101 ex
572 1059 639 1101 his
674 1058 872 1101 omnibus
906 1059 975 1101 uel
1009 1059 1123 1101 coeci
1168 1062 1353 1114 possunt
1396 1074 1586 1102 cernere.
1632 1059 1784 1114 quanti
1826 1059 1993 1101 referat

180 1128 355 1167 nostros
388 1125 432 1166 in
466 1125 663 1180 collegijs
697 1125 769 1167 diu
802 1126 1074 1180 multumque
1107 1127 1329 1181 probat-os,
1377 1141 1625 1181 magnaque
1657 1125 1903 1182 prudentia,
1948 1128 1994 1168 et

180 1192 224 1234 in
247 1191 539 1234 conscientiae
563 1192 736 1234 casibus
758 1192 1001 1235 iudicandis
1024 1192 1164 1235 solida
1187 1193 1398 1239 doctrina,
1435 1208 1600 1248 usuque
1624 1208 1769 1236 rerum
1801 1193 1991 1235 instruc-

180 1262 249 1300 tos
283 1272 391 1303 esse,
426 1258 681 1313 priusquam
714 1259 757 1301 in
780 1274 967 1302 messem
993 1259 1296 1302 Germanicam
1320 1275 1422 1303 uere
1458 1260 1679 1316 spinosam
1703 1263 1747 1303 et
1769 1259 1992 1302 horridam

180 1324 467 1375 destinentur,
503 1325 694 1368 maxime
728 1326 763 1368 si
798 1341 894 1368 cum
924 1326 1210 1382 Principibus,
1247 1330 1291 1369 et
1325 1327 1551 1382 utriusque
1586 1326 1748 1370 ordinis
1770 1325 1993 1382 primarijs

181 1390 284 1433 uiris
319 1406 462 1445 agere.
500 1392 567 1433 uel
602 1407 628 1434 a
661 1393 858 1448 collegijs
892 1393 1102 1435 remotius
1136 1394 1289 1435 abesse
1323 1394 1524 1436 debeant.

300 1464 359 1505 Et
393 1478 498 1506 sane
532 1465 646 1518 quod
680 1465 734 1507 ad
768 1465 1010 1521 Episcopos
1044 1480 1094 1508 ac
1128 1465 1492 1521 Archiepiscopos
1526 1465 1699 1515 attinet,
1745 1464 1992 1507 consultum

181 1544 261 1584 ego
295 1529 458 1572 nostris
491 1531 696 1585 putarim,
742 1534 790 1574 ut
832 1531 917 1574 illis
958 1547 1045 1574 non
1088 1535 1236 1574 essent
1269 1547 1294 1574 a
1328 1532 1685 1582 confessionibus,
1729 1531 1812 1574 nisi
1844 1530 1992 1573 Patris

182 1596 407 1638 Generalis
450 1597 685 1640 accedente
729 1606 966 1641 consensu⁰
1006 1599 1205 1654 speciali,
1252 1599 1454 1653 quoniam
1496 1613 1739 1654 perpaucos
1780 1598 1991 1639 habemus

181 1662 358 1705 idoneos
400 1663 604 1713 medicos,
650 1664 721 1719 qui
764 1664 927 1708 talibus
970 1665 1164 1720 aegrotis
1208 1666 1469 1720 utcumque*l
1500 1664 1677 1715 mederi,
1723 1667 1766 1707 et
1809 1665 1863 1706 ab
1905 1663 1991 1705 illis

180 1728 414 1771 mediocria
447 1729 684 1785 impetrare
712 1731 894 1786 possint.
945 1732 1243 1786 Magnumque
1267 1735 1335 1774 est
1358 1732 1610 1787 periculum.
1645 1745 1699 1773 ne
1722 1731 1820 1786 plus
1844 1728 1989 1772 damni

180 1798 224 1837 et
258 1795 342 1849 odij
379 1811 509 1850 quam
542 1798 713 1839 fructus
747 1797 893 1853 capiat
933 1798 1122 1840 societas
1157 1813 1211 1840 ex
1250 1798 1495 1840 huiusmodi
1530 1796 1825 1851 confessarijs,
1869 1795 1905 1838 si
1939 1810 1991 1837 ea

180 1876 291 1915 quae
315 1862 487 1908 debent,
514 1864 567 1905 ab
591 1863 710 1906 hisce
734 1864 1043 1906 confitentibus
1068 1864 1263 1919 exigant.
1314 1865 1436 1915 Quod
1460 1864 1495 1907 si
1520 1867 1649 1906 extra
1673 1862 1990 1906 confessionem

180 1942 275 1969 cum
318 1928 564 1984 praecipuis
598 1930 816 1973 Praelatis
858 1931 997 1973 nostri
1040 1932 1315 1980 tractabunt.
1361 1931 1564 1985 quoniam
1585 1927 1670 1984 [λ]
1705 1929 1851 1983 aliqua
1893 1942 1991 1970 cum

179 1993 264 2036 illis
306 1994 586 2037 familiaritas
628 1996 874 2042 intercedit.
920 1997 987 2039 uel
1032 1998 1258 2039 commoda
1301 2012 1374 2039 eos
1415 1996 1663 2051 alloquendi
1702 1994 1990 2048 monendique

180 2059 349 2101 occasio
383 2075 478 2103 sese
513 2064 652 2105 offert.
698 2063 927 2105 suaderem
962 2078 1055 2117 ego.
1102 2066 1149 2105 ut
1184 2078 1294 2118 quae
1328 2063 1485 2105 dicturi
1520 2065 1634 2107 sunt,
1677 2076 1773 2104 cum
1807 2076 1884 2103 suo
1918 2075 1993 2103 su-

180 2125 350 2180 periore
374 2126 607 2181 diligenter
630 2129 860 2171 conferant
883 2129 1015 2184 prius.
1052 2129 1155 2171 Tria
1179 2144 1282 2171 uero
1306 2128 1536 2184 Episcopis
1558 2127 1748 2170 maxime
1772 2140 1991 2169 commen-

180 2192 285 2234 data
328 2206 423 2234 esse
467 2194 644 2238 uellem.
694 2195 897 2248 quoniam
951 2198 995 2237 et
1038 2210 1063 2237 a
1104 2195 1302 2250 plurimis
1348 2195 1423 2237 illa
1467 2194 1624 2237 merito
1670 2193 1988 2243 desiderantur,

179 2258 380 2300 nimirum
416 2262 464 2302 ut
497 2260 768 2303 consiliarios
812 2265 856 2304 et
899 2262 1062 2304 aulicos
1106 2277 1207 2304 suos
1248 2277 1335 2304 non
1377 2261 1459 2304 nisi
1493 2261 1741 2304 Catholicos
1783 2260 1989 2309 habeant,

180 2324 251 2379 qui
285 2325 327 2366 in
361 2326 594 2369 formulam
628 2328 912 2382 professionis
946 2328 1043 2371 fidei
1078 2328 1166 2371 sint
1209 2328 1353 2370 iurare
1396 2328 1554 2383 parati,
1591 2327 1744 2370 deinde
1779 2329 1827 2369 ut
1859 2325 1990 2380 ijdem

180 2395 356 2446 praeter
390 2392 498 2435 alios
532 2394 668 2436 bonos
693 2395 927 2439 Officiales
963 2395 1186 2438 Vicarium
1211 2410 1260 2437 ac
1285 2395 1567 2449 Theologum,
1604 2394 1675 2448 qui
1709 2409 1787 2435 suo
1822 2391 1990 2435 muneri

180 2457 289 2500 satis
331 2459 477 2501 facere
519 2461 703 2514 possint,
749 2461 1077 2516 quibuscunque
1119 2461 1297 2504 tandem
1341 2460 1609 2516 sumptilmss
1641 2460 1721 2502 sibi
1755 2461 1991 2515 procurent

181 2526 313 2578 atque
337 2525 390 2566 ad
424 2540 601 2567 manum
634 2530 827 2569 teneant.
876 2528 1104 2570 Postremo
1128 2531 1177 2570 ut
1200 2527 1446 2582 seminarijs
1470 2526 1734 2569 Clericorum
1757 2525 1988 2580 erigendis,

181 2592 257 2631 aut
281 2590 438 2632 saltem
462 2590 504 2632 in
529 2591 831 2635 Vniuersitate
855 2593 1080 2636 Catholica
1103 2593 1242 2648 primo
1276 2607 1446 2647 quoque
1480 2596 1677 2647 tempore
1710 2590 1990 2634 instituendis

181 2670 351 2697 omnem
395 2671 570 2711 operam
614 2661 791 2701 nauent.
842 2659 939 2701 Nisi
982 2659 1096 2701 enim
1139 2659 1192 2701 ad
1236 2658 1481 2701 huiusmodi
1520 2657 1753 2700 seminaria
1796 2657 1987 2708 ueniant,

182 2721 489 2775 grauissimam
523 2723 746 2778 religionis
779 2727 961 2780 pestem,
997 2725 1289 2767 miserandam
1313 2724 1517 2767 uidelicet
1544 2724 1821 2766 sacerdotum
1853 2737 1989 2778 penu-

189 2787 308 2832 riam.
355 2804 504 2831 arcere
547 2805 632 2832 non
674 2793 905 2846 poterunt,
950 2794 994 2833 et
1035 2791 1237 2846 indignos
1278 2791 1407 2846 plane
1450 2791 1728 2846 impurosque
1770 2789 1990 2832 Parochos

182 2857 393 2909 perpetuo
437 2856 552 2897 ferro
596 2860 821 2911 cogentur,
867 2858 968 2911 quia
1010 2857 1168 2900 desunt
1211 2872 1318 2912 quos
1360 2857 1445 2898 illis
1488 2857 1661 2899 reiectis
1703 2856 1986 2906 substituant,

183 2923 314 2975 atque
348 2921 410 2963 ita
445 2922 565 2965 uelut
592 2926 820 2978 serpentes
853 2924 896 2965 in
920 2925 1015 2966 sinu
1039 2938 1210 2979 semper
1233 2924 1389 2973 ferent,
1426 2926 1469 2965 et
1492 2937 1632 2977 neque
1654 2936 1732 2977 per
1755 2936 1813 2971 se,
1848 2935 1991 2976 neque

183 3000 258 3040 per
301 2987 409 3028 alios
452 2990 734 3042 pereuntibus
777 2990 930 3032 ouibus
972 2990 1015 3032 in
1050 2990 1281 3033 Germania
1320 2989 1624 3044 prouidebunt.
1675 2988 1911 3030 Praeterea
1953 2988 1990 3029 si

304 3086 331 3113 :ll
353 3089 374 3111 A
401 3091 429 3112 Γ.
453 3096 528 3113 corr.
553 3097 589 3112 m·
610 3088 706 3113 11111111Δ
804 3088 834 3117 b)
856 3092 877 3114 A
903 3092 931 3114 (¹.
956 3098 1031 3115 corr.
1055 3098 1091 3114 m·
1111 3089 1215 3115 dorem
1239 3091 1281 3114 rel
1302 3089 1419 3114 iterem.
1525 3088 1551 3117 c)
1573 3091 1595 3114 Α
1620 3090 1649 3114 Γ.
1673 3097 1749 3113 corr.
1772 3096 1809 3112 es
1829 3094 1987 3114 concessu.

183 3127 214 3155 ‹l'y
236 3128 399 3160 uirumque
420 3131 530 3154 aru-her.
609 3130 637 3154 (s)
658 3131 724 3158 sir,-
743 3132 794 3154 sm!
816 3132 1021 3162 run-rignmlnm
1045 3140 1098 3154 ‹nx-sc
1126 3132 1275 3156 diserim:
1297 3130 1428 3163 quando.
1507 3131 1530 3155 s>
1551 3131 1692 3162 Sequitur
1713 3129 1792 3159 illos,
1816 3130 1907 3155 omitt.

309 3250 314 3266 ¹
346 3250 396 3282 Mt
428 3251 480 3289 ll,
512 3251 550 3284 7:
584 3250 628 3283 ln:
658 3251 686 3286 ἲ,
717 3251 771 3285 24.
923 3252 934 3268 “·’
963 3251 1028 3284 (131
1058 3251 1089 3285 ἵ).
1121 3252 1173 3285 19.
