2073 3510
804 198 895 231 Mon.
927 199 1024 231 1:3392.
1076 199 1174 232 inst»
1799 206 1885 243 (585)

89 319 287 354 Catholicis
322 318 483 352 nonnulli
523 318 631 352 libera
661 330 746 351 voce
779 317 1005 360 praedicant:
1047 317 1267 357 Religionem
1301 319 1461 359 l³ril1urai
1493 321 1637 354 minime
1665 322 1803 355 saluam
1835 324 1884 355 111-

90 378 219 411 turam,
247 373 281 407 ni
311 373 410 406 illam
437 372 611 406 Jesuitae.
640 371 734 405 omni
763 384 827 414 ope
856 377 1135 414 propugnarent.
1159 399 1163 404 .
1187 400 1191 405 .
1216 400 1220 405 .

208 434 253 467 «111
290 445 403 477 pagos
438 432 504 466 hoc
531 444 634 466 anno.
672 432 804 475 plures,
839 442 946 474 quani
974 431 1231 473 superioribus.
1260 433 1466 465 sacerdotes
1495 435 1604 467 nostri
1635 435 1883 469 concionatmn

88 487 239 532 profecti
275 490 370 521 sunt.
411 498 474 519 nec
503 485 641 519 vicinos
681 484 793 520 modo.
833 484 896 517 sed
933 484 1041 518 etiam
1083 484 1171 517 bene
1209 489 1374 522 remotos,
1414 490 1451 519 vt
1485 489 1523 521 12
1551 493 1608 521 aut
1640 501 1747 531 supra
1782 489 1885 522 facil«-

88 544 339 575 mnnerentur:
369 552 521 582 cuinque
550 543 623 573 tres
650 538 800 572 subinde
827 538 1045 573 sacerdotes.
1074 538 1117 571 ad
1146 550 1258 581 pagos
1277 540 1415 572 enormi
1437 540 1630 576 exiremus.
1659 554 1883 585 nequaquam

89 598 210 628 tamen
246 594 402 627 omnium
441 593 630 636 desiderijs
666 593 879 626 satisfacere
916 592 1110 635 potuimus.
1159 592 1395 626 1⁴]laborarunt.
1434 594 1465 626 in
1503 610 1544 627 eo
1581 596 1703 631 nostri,
1744 600 1779 629 vt
1818 609 1884 630 non

89 651 229 682 tantum
266 647 435 691 populum
475 647 575 680 illum
614 646 798 685 incultum,
836 646 1057 689 poenitentia
1087 646 1154 679 rite.
1182 646 1354 681 obeunda.
1393 647 1547 690 ali-isque
1580 649 1790 683 christianis
1818 651 1884 683 vir·

89 701 228 736 tutibus
255 701 448 741 erudirent,
478 713 602 735 verum
625 700 734 734 etiam
763 700 937 744 parochos
966 700 1062 743 ipsos
1090 700 1133 734 ad
1162 700 1321 733 osticium
1349 711 1455 734 suum
1483 703 1607 735 sedulo
1633 703 1861 746 scienterque
1875 714 1885 724 ’Δ

89 755 310 799 fungendum
339 755 622 791 cohortarentur,
650 755 841 798 praecipue
862 766 946 787 vero
967 753 1227 788 catechismum
1247 754 1418 796 parvulos
1438 754 1618 790 docerent.
1649 756 1707 799 qui
1730 763 1884 790 caetero-

88 809 174 852 quin
202 809 434 843 concionandi
463 809 637 843 facultate
666 808 818 852 praediti
846 820 914 841 non
942 810 1056 841 crant.
1078 836 1083 841 .
1106 836 1111 841 .
1134 836 1140 841 .

207 869 252 902 ,111
281 868 474 902 visitandis
501 868 670 912 aegrotis.
699 880 806 911 saepe
835 868 1035 906 caritatem,
1064 867 1365 910 prudentiamque
1389 878 1491 900 suani
1513 867 1741 902 declararunt
1762 870 1886 903 nostri.

89 922 230 956 Etenim
267 934 347 956 cum
385 935 442 956 res
469 922 503 956 id
539 922 758 966 postulabat,
797 922 989 966 vigilatum
1017 924 1073 955 est
1100 921 1209 954 etiam
1238 924 1342 954 nocte
1370 923 1457 959 tota,
1486 933 1565 954 cum
1596 921 1640 963 ijs
1668 922 1726 964 qni
1757 923 1885 956 obituri

89 976 320 1020 putabuntur.
373 976 547 1010 Curatum
584 976 669 1009 item
698 979 738 1009 vt
774 979 913 1009 mature
949 987 1052 1009 sacro
1080 974 1157 1008 oleo
1186 974 1456 1018 invngerentnr.
1496 974 1578 1007 dum
1608 975 1740 1008 mentis
1767 980 1885 1008 essent

87 1029 205 1064 adhuc
232 1032 425 1073 compotes.
470 1030 515 1063 Jd
543 1030 637 1064 enim
664 1032 771 1064 antea
798 1041 904 1063 secus
931 1029 1051 1063 fiebat.
1079 1032 1120 1062 vt
1140 1040 1208 1061 non
1236 1028 1336 1071 prius
1363 1027 1429 1061 hoc
1448 1032 1716 1062 sacramentum
1737 1029 1889 1062 infirmis·

87 1083 328 1120 adhiberetur,
367 1095 473 1126 quam
511 1083 661 1117 rationis
689 1095 756 1117 vsu
792 1083 937 1126 penitus
973 1082 1225 1126 spoliarentur.
1280 1085 1379 1124 Quae
1417 1086 1620 1116 nostrorum
1659 1082 1887 1116 (ται-1111511011

39 1135 42 1138 ⁴
87 1137 203 1171 solum
231 1136 325 1180 apud
352 1137 513 1180 plebeios
540 1137 714 1173 homines.
744 1148 833 1180 quos
860 1136 969 1170 etiam
999 1135 1241 1178 eleemosynis
1270 1135 1448 1169 interdum
1478 1135 1735 1177 reci-cauimus,
1764 1147 1887 1169 verum

87 1191 197 1225 etiam
234 1191 444 1228 senatorios.
483 1192 677 1235 aliquoties
713 1191 886 1225 constitit.
940 1191 1033 1224 Reos
1070 1202 1193 1224 omnes
1230 1192 1407 1233 quotquot
1444 1189 1510 1223 hoc.
1537 1202 1629 1223 anno
1656 1189 1812 1233 publicis
1840 1189 1887 1223 iu<

88 1243 193 1286 dit-ijs
230 1244 451 1279 moriendum
480 1245 561 1283 fuit,
598 1245 642 1279 ad
669 1244 887 1288 supplicium
915 1244 1077 1278 comitati
1105 1255 1241 1281 sumus,
1280 1243 1497 1286 eosdemque
1525 1256 1668 1277 carcere
1695 1243 1812 1277 adhuc
1841 1244 1888 1277 in-

88 1298 219 1338 clusos,
247 1298 456 1342 frequenter
483 1299 669 1335 consolati,
698 1302 734 1333 et
761 1310 867 1342 quam
896 1298 1043 1332 minime
1071 1298 1241 1332 fallacem
1260 1298 1427 1336 salutem,
1457 1310 1500 1331 ex
1529 1298 1682 1331 tolerato
1710 1298 1890 1341 patienter

87 1352 264 1395 supplicio
292 1364 438 1396 sperare
464 1356 613 1397 possent
640 1352 859 1387 edocuimus.
905 1353 975 1386 Par
1003 1352 1071 1386 fuit
1098 1363 1159 1385 eos
1187 1364 1327 1395 quoque
1356 1352 1417 1394 qui
1445 1351 1478 1385 in
1507 1351 1677 1394 hospitali
1708 1352 1809 1385 domo
1830 1364 1887 1385 ex-

88 1405 316 1449 cipiebantur
342 1406 489 1441 iuvandi
516 1407 687 1441 studium.
742 1406 810 1448 Qui
838 1419 918 1440 cum
946 1405 1051 1448 varij,
1089 1417 1130 1439 ac
1157 1406 1232 1439 fere
1259 1417 1402 1448 semper
1427 1405 1510 1439 novi
1540 1405 1709 1439 accedere
1736 1405 1887 1439 soleant.

88 1472 153 1494 nec
180 1471 250 1493 vno
278 1460 500 1495 calamitatis
527 1473 658 1506 genere
685 1461 860 1504 oppressi,
888 1472 1057 1505 magnam
1077 1460 1364 1499 commiserandi.
1394 1460 1674 1502 consolandique
1701 1459 1887 1493 materiam

88 1514 192 1548 nobis
218 1514 471 1557 praebuerunt.
493 1544 499 1549 .
521 1544 527 1550 .
549 1544 555 1550 .
594 1515 693 1549 Lites
720 1515 814 1549 inter
842 1515 1013 1559 coniuges
1041 1518 1077 1548 et
1103 1515 1203 1548 ciues
1229 1526 1338 1557 saepe
1366 1514 1596 1557 compositae.
1639 1516 1797 1555 Quarum
1818 1526 1888 1548 vna

88 1571 190 1602 tanto
227 1570 304 1602 erat
340 1569 511 1603 momenti
539 1569 697 1605 maioris,
736 1569 829 1612 quod
857 1569 950 1603 inter
977 1569 1065 1603 duos
1101 1568 1292 1612 primarios
1319 1568 1418 1602 ciues
1446 1568 1605 1611 quotidie
1633 1568 1814 1611 glisceret,
1848 1580 1888 1602 ac

89 1623 234 1657 demum
269 1633 333 1664 per
368 1626 511 1657 nostros
546 1624 702 1661 sublata,
740 1635 818 1657 eam
856 1623 1115 1657 authoritatem
1143 1623 1293 1666 peperit.
1332 1626 1373 1656 vt
1399 1622 1513 1656 nostri
1542 1622 1687 1665 perinde
1716 1625 1887 1665 tanquam

88 1676 268 1720 honorarii
297 1677 435 1713 arbitri.
464 1677 509 1711 ad
536 1677 734 1711 discordias
763 1677 941 1711 tollendas
967 1677 1071 1711 modo
1103 1680 1346 1711 accersantur.
1369 1705 1374 1710 .
1396 1705 1402 1710 .
1425 1676 1451 1710 .“’·

88 1786 238 1821 1:392.
339 1783 435 1819 1585.

209 1853 264 1886 Ex
291 1852 498 1896 apographo
526 1852 684 1886 eiusdem
706 1852 764 1886 vel
792 1852 913 1896 paullo
940 1852 1151 1896 posterioris
1170 1852 1363 1896 temporis:
1393 1852 1486 1895 quod
1507 1855 1562 1886 est
1590 1852 1625 1885 111
1645 1852 1729 1886 t'od.
1755 1852 1799 1890 „l.
1820 1853 1885 1887 313·

87 1907 114 1941 f.
135 1907 316 1941 aon—21³.

211 1968 422 2000 Contionum
463 1967 641 2009 Fribwye‘
677 1979 698 1999 a
737 1969 860 2007 Sociis,
903 1970 1071 2010 Inprimis
1108 1979 1129 1999 a
1170 1967 1327 2006 Caussa»,
1366 1967 1571 1999 habitat-nm
1611 1971 1821 2009 arymnenta
1862 1972 1889 2000 et

87 2022 231 2063 fructus
250 2024 397 2064 pietatis
423 2032 465 2053 tx
493 2023 537 2054 iis
563 2021 701 2054 collecti.

208 2094 258 2136 In
291 2093 461 2148 collegii
487 2093 775 2148 friburgensis
799 2094 978 2136 Litteris
1002 2095 1162 2136 (munis
1185 2093 1399 2148 Friburgo
1425 2096 1462 2136 8.
1488 2093 1750 2136 Novembris
1777 2095 1890 2136 1585

88 2159 204 2202 datis
236 2160 375 2202 multa
407 2162 644 2202 narrantur
677 2160 729 2202 de
762 2159 977 2202 fructibus
1011 2174 1035 2202 a
1070 2160 1108 2202 d.
1147 2161 1183 2202 8.
1219 2159 1481 2202 Novembris
1521 2161 1633 2202 1584
1667 2174 1802 2214 usque
1836 2160 1888 2201 ad

88 2226 193 2269 illud
226 2229 399 2281 tempus
432 2240 487 2268 ex
511 2227 733 2269 Sociorum
766 2227 1105 2281 friburgensium
1140 2226 1413 2269 contionibus
1446 2226 1652 2269 collectis.
1704 2227 1822 2276 Quae
1856 2226 1889 2267 si

89 2307 186 2334 cum
210 2291 368 2334 Canisii
392 2292 664 2335 contionibus
686 2293 813 2335 modo
833 2292 1063 2347 descriptis
1083 2291 1136 2345 (v,
1158 2307 1290 2347 supra
1308 2308 1346 2347 p.
1369 2290 1620 2347 cca—682)
1640 2292 1888 2335 contuleris.

89 2358 325 2400 maximam
357 2358 512 2400 horum
545 2358 766 2400 fructuum
790 2361 962 2414 partem
986 2373 1041 2401 ex
1064 2358 1223 2401 Canisii
1247 2359 1520 2401 contionibus
1544 2359 1771 2401 collectam
1796 2373 1890 2401 esse
1928 2394 1930 2397 ,

89 2424 269 2466 videbis,
320 2425 390 2467 Ita
423 2425 557 2478 igitur
580 2424 848 2467 Litterarum
872 2428 1046 2468 auctor:
1088 2426 1239 2469 ..Nunc
1269 2428 1317 2467 vt
1351 2426 1403 2467 de
1437 2425 1690 2468 concionum
1723 2440 1889 2467 summa

88 2490 321 2544 fructuque
354 2490 539 2545 primum
573 2505 714 2545 agam,
758 2490 1088 2546 intelligendum
1123 2491 1258 2537 initio,
1303 2491 1414 2533 binis
1432 2493 1455 2536 ¹.
1503 2491 1720 2534 interdum
1754 2490 1891 2533 ternis

89 2557 133 2598 in
156 2556 343 2611 templis,
378 2556 619 2611 ijsdemque
642 2557 768 2599 huius
793 2557 986 2599 ciuitatis
1009 2558 1181 2600 omnino
1206 2558 1526 2607 celebrioribus,
1563 2557 1890 2599 concionatoies

88 2625 264 2665 nostros
282 2638 437 2665 munus
456 2638 580 2665 suum
605 2624 775 2677 obijsse.
797 2660 803 2665 .
824 2659 830 2665 .
851 2660 857 2665 .
892 2624 1174 2666 Pertractata
1197 2627 1297 2666 sunt
1321 2625 1414 2666 fere
1437 2637 1607 2677 semper
1631 2624 1887 2675 argumenta

90 2688 312 2739 eiusmodi,
349 2703 458 2743 quae
490 2689 590 2731 huic
622 2690 781 2744 populo
815 2692 933 2732 recte
966 2689 1191 2732 intellecta
1215 2704 1309 2732 esse
1334 2704 1463 2743 quam
1490 2689 1721 2743 plurimum
1755 2687 1888 2728 inter-

89 2754 185 2796 fuit.
251 2755 318 2796 Ea
349 2755 471 2797 fuere
505 2755 556 2797 de
590 2755 882 2805 Eucharisffia,
927 2756 979 2798 de
1013 2756 1138 2797 Vnius
1178 2758 1350 2798 tantum
1385 2754 1542 2809 speciei
1577 2751 1886 2795 connnimione.

212 2848 240 2879 a)
262 2850 310 2874 Sic
330 2853 489 2874 curret-tum
512 2854 552 2875 es!
574 2858 610 2874 es
631 2857 718 2875 suum
739 2850 825 2876 bene.

91 2963 230 2997 sectes‘
261 2963 297 2997 in
323 2966 506 3007 postrema
541 2965 659 3008 operis
696 2964 940 3008 recognitione
977 2964 1099 2997 addita
1136 2975 1227 2997 esse.
1281 2962 1456 2995 similiter
1492 2961 1525 2994 in
1563 2960 1718 2993 editione
1756 2960 1887 2993 latina:

96 3016 168 3057 ²De
195 3016 363 3060 plurimis
382 3017 705 3061 Anabaptistarum
731 3018 877 3061 loquor:
908 3017 951 3050 iis
978 3016 1192 3060 praesertim
1220 3016 1280 3058 qui
1299 3015 1510 3059 spirituales
1538 3014 1660 3047 haberi
1688 3013 1776 3047 mire
1804 3025 1887 3057 gau-

92 3070 187 3109 dent.
225 3082 420 3114 eorumque
456 3071 642 3105 sodalibus
679 3071 836 3106 lesuitis.
874 3074 910 3104 et
946 3070 1127 3104 similibus
1163 3069 1381 3112 quisquiliis.
1435 3067 1542 3102 Tales
1575 3067 1716 3101 scilicet
1748 3068 1889 3100 fructus

92 3124 230 3166 profert
266 3124 417 3168 spiritns
450 3124 511 3158 ille
538 3124 750 3169 vertiginis*
782 3127 869 3158 etc.:
904 3125 947 3157 Ι).
975 3124 1123 3156 loannis
1153 3123 1293 3154 salt-[ni
1331 3121 1512 3154 Institutio
1541 3121 1768 3154 (ln-istianae
1797 3121 1887 3154 Reli-

92 3177 220 3221 gionis,
249 3178 461 3212 Lausannae
490 3179 592 3214 1576.
620 3179 644 3213 f.
666 3179 733 3212 14:23
749 3190 780 3211 ,a
801 3186 824 3212 ³.

216 3231 225 3249 ¹
252 3232 292 3265 In
320 3232 467 3275 templis
494 3232 527 3266 S.
548 3231 685 3266 Nicolai
715 3234 751 3264 et
779 3231 817 3264 B.
838 3230 975 3264 Mariae
997 3230 1039 3263 Y.
1624 3244 1665 3258 »τ
