2073 3510
149 206 241 241 2267
270 205 373 238 2268.
402 203 488 236 Can.
517 199 620 235 Socio
647 201 684 232 et
703 198 750 232 lo.
773 197 841 231 lac.
862 208 882 230 a
908 195 1019 229 Staal.
1063 194 1239 238 Friburgo
1268 192 1410 226 Helvet.
1440 191 1572 226 Martio
1602 191 1702 224 1590.
1760 192 1837 232 301

40 341 87 373 sy
114 327 208 362 Herr
234 323 379 359 Canisio
407 326 511 366 mogo
530 317 787 363 mittgetheillt
806 315 969 350 werdon*
1000 325 1058 348 1οΧ
1085 313 1292 358 apographo
1312 313 1458 349 recenti.
1487 312 1670 355 exscripto
1698 323 1742 344 ex
1763 309 1846 344 le.

50 377 368 426 „Rathsprotokoll
398 375 497 410 Band
525 373 589 409 93⁶*
622 374 645 408 f.
666 372 735 407 8323
763 372 844 410 839,
872 369 933 413 qui
961 372 1017 402 est
1045 367 1208 401 [soloduri
1239 368 1272 401 111
1301 367 1450 401 archivo
1478 366 1720 409 reipublicae.

45 488 204 526 2267.
306 482 526 520 CANISIUS
555 479 779 516 ALICUI
809 476 1002 513 §0010
1031 475 1175 519 collegii
1203 474 1506 508 molshemicnsis.

727 539 905 583 Friburgo
932 536 1185 571 Helvetiorum
1213 535 1280 568 sub
1309 534 1450 568 initium
1481 546 1525 568 m.
1548 533 1668 567 Martii
1701 533 1801 565 1590.

140 645 144 647 .
175 616 260 648 Vide
284 614 387 655 finem
416 610 587 654 epistulae
609 610 800 652 prasimae
826 610 855 638 et
881 615 972 648 quae
996 603 1062 637 sub
1090 606 1202 645 Ipsam
1233 602 1329 633 illam
1358 601 1543 643 epistulam
1571 601 1745 632 ‹lit-entur.

48 730 206 766 2268.
283 723 504 761 CANISIUS
532 720 761 757 IOANNI
789 717 1040 754 IA(.¹()B()
1061 717 1099 751 Α
1121 713 1344 757 STAAL,
1371 713 1524 757 patricio
1548 716 1584 746 et
1610 712 1853 746 archiscribae

239 780 467 816 solodurano.
1011 770 1188 814 Friburgo
1216 767 1469 802 Helvetiorum
1497 768 1529 800 2.
1551 765 1672 799 Martii
1703 765 1805 798 1590.

169 843 223 877 Ex
250 839 458 885 apographo
486 837 580 872 circa
609 835 767 870 medium
795 832 982 868 saeculum
1010 830 1108 865 XIX.
1136 829 1195 871 [ex
1222 828 1421 871 archetypo
1435 828 1465 867 ¹3)
1493 825 1638 869 scripto.
1685 826 1769 859 Can.
1798 825 1854 859 23⁴3,

49 907 87 935 11⁰.
113 899 134 931 ἴ)
162 898 186 932 f.
214 898 246 931 ἱ).

180 958 314 991 Veteres
342 956 377 989 S.
405 955 490 988 Ursi
516 954 706 985 memoriae
737 950 926 991 ‹Illislenter
958 946 1181 989 colligsendae.
1232 944 1320 977 Pari
1349 943 1491 975 (lamae
1516 945 1545 972 et
1578 941 1753 973 Νῆα-Μίαν
1778 950 1857 970 mm-

46 1014 248 1048 salamiam.

482 1056 578 1098 Pax
611 1052 772 1097 Christi
805 1050 929 1094 nobis
963 1052 1177 1092 aeterna·

615 1117 927 1162 humanissime
960 1115 1166 1158 Domine!

172 1198 322 1242 Laudo
356 1210 461 1239 sane
494 1196 689 1237 vestram
722 1188 1012 1247 prudentiam,
1049 1186 1163 1241 quod
1197 1185 1252 1228 ad
1281 1185 1333 1226 D.
1359 1182 1463 1226 Ursi
1495 1181 1725 1224 historiam
1759 1194 1860 1221 con-

51 1265 328 1311 scribendam
367 1262 541 1305 diversa
575 1257 814 1301 vetustatis
856 1256 1137 1298 monumenta
1172 1249 1404 1306 colligatis.
1449 1251 1493 1291 et
1526 1248 1570 1290 in
1603 1249 1654 1290 ea
1687 1246 1860 1302 sylvula

53 1335 137 1377 huc
168 1330 385 1375 mittenda
419 1327 595 1370 minime
632 1323 955 1381 properandum
988 1334 1084 1363 esse
1118 1316 1393 1362 existimetis
1456 1316 1594 1366 Quam
1628 1311 1860 1356 cunctandi

55 1400 270 1444 rationem
311 1411 398 1439 non
439 1393 543 1436 mihi
576 1392 820 1437 molestam,
865 1388 941 1431 sed
974 1387 1103 1429 valde
1137 1387 1311 1440 gratam
1355 1397 1450 1425 esse
1483 1382 1703 1437 profiteor,
1748 1378 1862 1433 quod

54 1480 161 1510 sane
194 1463 378 1520 cupiam,
414 1476 470 1504 ex
503 1459 618 1503 omni
652 1455 930 1511 antiquitatis
962 1452 1171 1496 memoria
1205 1449 1412 1505 conquiri,
1454 1446 1661 1503 quidquid
1695 1445 1749 1488 ad
1781 1445 1863 1487 hoc

56 1531 332 1588 praeclarum
355 1528 661 1582 argumentum
680 1538 758 1579 pro
782 1521 999 1577 dignitate
1021 1518 1303 1562 tractandum
1326 1516 1472 1558 facere
1495 1527 1623 1569 posse
1647 1511 1861 1554 videatur.

57 1597 188 1642 Nosti
230 1595 344 1639 0111111
378 1597 505 1636 vetus
548 1591 724 1640 dictum,
769 1590 847 1631 Sat
881 1587 967 1630 cito
1007 1585 1043 1628 si
1076 1587 1147 1627 sat
1179 1583 1330 1626 benel.
1382 1581 1568 1634 Magnas
1602 1581 1749 1620 autem
1783 1591 1864 1631 ego

59 1664 228 1720 gratias
261 1660 467 1717 dignitati
501 1662 604 1701 tuae
638 1671 735 1711 ago.
771 1668 882 1709 quae
915 1651 1099 1709 publicis
1128 1648 1318 1704 negotiis
1350 1646 1559 1702 impedita
1592 1644 1761 1687 isthaec
1794 1642 1863 1698 pia

59 1730 205 1774 studia
247 1728 463 1784 respicere
506 1739 557 1767 ac
598 1735 855 1779 promovere
898 1719 1118 1773 dignatur.
1185 1716 1381 1758 Salutem
1415 1728 1470 1755 ex
1507 1726 1577 1754 me
1620 1710 1702 1753 dici
1737 1708 1866 1751 velim

59 1795 317 1841 Reverendo
335 1793 521 1836 Domino
538 1788 796 1845 Praeposito
811 1788 838 1837 ²¹,
858 1787 915 1829 M.
936 1784 1087 1827 Ioanni
1111 1780 1396 1838 Carpentario
1411 1780 1438 1825 ³³²,
1465 1778 1647 1832 aliisque
1669 1773 1866 1818 Dominis

60 1866 107 1907 et
140 1861 315 1911 Amicis,
361 1874 469 1915 quos
502 1856 700 1900 Christus
742 1853 866 1896 nobis
909 1852 980 1895 diu
1022 1865 1100 1906 pro
1143 1864 1222 1891 sua
1259 1846 1459 1890 bonitate
1499 1845 1742 1887 conservet.
1808 1841 1867 1882 Et

61 1929 266 1985 quoniam
308 1927 360 1970 de
402 1939 509 1981 pace
552 1926 596 1966 et
637 1920 937 1964 incolumitate
979 1917 1152 1974 publica
1193 1930 1281 1957 non
1313 1927 1491 1969 possum
1522 1926 1610 1953 non
1654 1907 1868 1952 sollicitus

61 2010 171 2046 esse,
207 1996 346 2037 Deum
371 1993 470 2047 Opt.
496 1991 614 2033 Max.
640 2004 695 2031 ex
719 1987 862 2030 animo
895 2000 1061 2041 precor,
1099 1986 1147 2026 ut
1168 1980 1330 2038 partim
1353 1978 1633 2022 turbulentae
1658 1974 1824 2018 Galliae
1837 1974 1866 2015 ⁴.

63 2061 225 2118 partim
258 2057 533 2103 dissentienti
566 2054 828 2098 Helvetiae5
860 2067 939 2108 pro
980 2054 1058 2093 tua
1097 2047 1330 2105 prudentia
1370 2045 1531 2101 optime
1566 2041 1780 2091 consulas,
1826 2042 1869 2081 et

65 2128 207 2184 quoad
231 2127 325 2181 ejus
356 2124 450 2167 fieri
472 2125 632 2179 potest,
669 2135 847 2163 saevam
870 2118 1182 2173 tempestatem
1203 2113 1328 2156 nobis
1351 2111 1649 2154 imminentem
1673 2106 1870 2150 omnibus

63 2193 204 2237 modis
222 2195 413 2235 avertas.
449 2189 611 2231 Videor
630 2187 742 2230 enim
760 2185 864 2228 mihi
883 2184 1030 2226 videre
1053 2182 1276 2224 funestam
1298 2179 1471 2221 illorum
1490 2172 1868 2230 conspirationem.

190 2331 198 2349 ¹
226 2331 279 2364 De
306 2329 374 2363 hoc
402 2341 435 2363 v.
459 2330 547 2362 Can.
567 2326 617 2361 VI
645 2326 715 2360 459
732 2324 751 2359 ¹.

188 2385 200 2402 ’-’
228 2384 346 2419 Ursus
364 2381 481 2416 Haeni
501 2381 580 2415 sive
601 2378 815 2415 Galliculus.
843 2375 1091 2413 solodoranus,
1119 2373 1163 2408 ab
1183 2384 1213 2406 a.
1235 2371 1328 2405 1573
1347 2380 1462 2412 usque
1481 2368 1524 2402 ad
1545 2370 1697 2400 mortem
1716 2364 1749 2403 ³'†
1770 2364 1861 2397 1599

68 2439 230 2474 Solodori
266 2436 497 2482 praepositus
533 2433 683 2478 capituli
720 2432 754 2466 S.
774 2430 860 2465 Ursi
888 2432 976 2464 erat.
1032 2429 1064 2462 Is
1097 2438 1190 2461 anno
1228 2424 1372 2469 quidem
1401 2422 1493 2456 1579
1520 2433 1607 2464 erga
1634 2417 1873 2453 Bonhomium

69 2493 236 2528 nuntium
277 2490 528 2535 apostolicum,
566 2487 759 2522 ecclesiam
786 2484 1038 2519 solodoranam
1065 2481 1289 2519 visitantem,
1326 2476 1424 2512 haud
1450 2476 1513 2515 ita,
1541 2477 1583 2508 ut
1608 2486 1674 2517 par
1700 2475 1789 2513 erat,
1817 2471 1873 2505 ob-

66 2549 277 2582 servantem
313 2557 352 2580 se
384 2544 602 2589 praebuerat
636 2541 752 2585 (plura
780 2552 813 2574 v.
843 2538 949 2577 infra,
985 2548 1079 2571 mon.
1110 2535 1225 2569 1286.
1278 2532 1410 2566 Postea
1438 2533 1560 2564 tamen
1596 2528 1646 2562 ita
1673 2539 1712 2561 50
1749 2525 1874 2570 gessit.

71 2605 111 2636 ut
138 2604 174 2636 et
193 2600 372 2639 Canisius‚
401 2601 437 2632 et
464 2596 575 2633 Staal,
612 2595 670 2629 vir
696 2594 805 2638 probe
833 2591 1046 2627 catholicus,
1083 2601 1163 2624 eum
1192 2586 1316 2631 magni
1342 2586 1515 2619 facerent.
1569 2584 1738 2631 Ueterum
1765 2579 1874 2613 etiam

73 2656 294 2689 Bonhomtus
319 2654 375 2687 Ξῖ).
397 2651 564 2686 Octobris
586 2649 676 2683 1579
696 2648 738 2681 de
758 2659 798 2681 00
818 2646 863 2681 ad
882 2644 1102 2680 cardinalem
1122 2643 1336 2677 Comensem
1354 2638 1566 2673 rettulerat:
1600 2636 1647 2677 ,E
1668 2635 1701 2668 di
1722 2632 1874 2669 costumi

72 2708 233 2744 honesti*
264 2705 660 2750 [Steffans-Reinhamlt,
688 2701 815 2736 Dok.l
844 2699 1053 2739 babeas&
1082 2697 1127 2731 cf.
1150 2696 1261 2730 etiam
1288 2694 1321 2728 II
1350 2693 1442 2732 2952.

194 2764 206 2781 ²⁵
234 2763 386 2797 Ioannes
413 2757 674 2802 Carpentarius
700 2755 778 2789 sive
807 2754 970 2798 Wagner
996 2754 1084 2786 erat.
1113 2757 1154 2784 ut
1180 2750 1257 2793 ipse
1284 2748 1320 2782 in
1346 2746 1472 2789 ,Libro
1500 2743 1717 2779 amicorum*
1749 2739 1874 2775 Staalii

74 2817 259 2857 indicavit,
291 2816 507 2858 „liberarum
534 2812 667 2847 artium
694 2809 881 2854 magister.
909 2807 1055 2842 scholae
1083 2817 1124 2839 ac
1152 2803 1277 2847 organi
1305 2800 1579 2836 administrator
1598 2797 1761 2838 civisque
1781 2794 1876 2828 Solo-

71 2870 256 2906 dorensis*
287 2869 640 2912 &Glutz-Hartmann
670 2865 691 2899 l.
715 2877 743 2899 c.
775 2863 822 2905 [V.
848 2874 958 2906 supra
984 2873 1017 2904 p.
1039 2858 1137 2900 268³]
1166 2858 1234 2899 90).
1286 2856 1440 2890 loannes
1468 2852 1646 2895 Georgius
1676 2849 1774 2883 filius
1801 2847 1878 2881 eius

71 2937 106 2960 a.
127 2925 218 2960 1595
246 2923 381 2959 Staalio
409 2922 445 2956 in
471 2920 591 2955 officio
618 2915 935 2962 archigrammatei
963 2912 1142 2948 successit
1167 2912 1255 2953 (Iole.
1275 2910 1400 2954 Kellia,
1428 2907 1542 2941 Franz
1571 2904 1805 2942 Guillimann,
1843 2901 1876 2934 iu

78 2979 316 3023 „Freiburger
344 2974 718 3012 Gesohichtsblatter*
750 2971 812 3011 XI,
840 2969 1017 3012 Freiburg
1043 2967 1065 3002 i.
1086 2967 1151 3001 Ue.
1174 2965 1277 3000 1905.
1306 2962 1389 2997 80⁴.

197 3032 210 3051 4
235 3032 328 3067 Vide
355 3042 465 3074 supra
492 3042 525 3073 p.
546 3029 625 3063 298.

199 3086 212 3105 ⁵
238 3087 341 3120 Anno
362 3086 454 3119 1559
474 3084 709 3118 Genevenses
728 3080 763 3114 in
781 3080 873 3113 fines
892 3077 994 3111 ducis
1013 3074 1215 3110 Sabaudiae
1234 3070 1507 3115 impressionem
1528 3068 1702 3100 fecerunt.
1741 3063 1880 3105 Quibus

79 3140 256 3175 Bernates
291 3139 425 3182 aliique
461 3136 624 3171 Helvetii
660 3134 907 3179 protestantes
942 3129 1105 3164 subsidia
1140 3127 1328 3161 miserunt.
1381 3121 1560 3158 Catholici
1596 3130 1682 3153 vero
1718 3116 1879 3151 Helvetii

79 3194 161 3229 duci
187 3195 455 3228 succurrerunt.
508 3191 547 3225 ln
576 3189 696 3225 Gallia
723 3190 845 3222 autem
872 3198 918 3220 ex
944 3182 1127 3218 Helvetiis
1154 3180 1216 3216 alii
1251 3191 1314 3223 pro
1342 3177 1498 3212 Henrico
1527 3175 1598 3209 lv..
1636 3173 1697 3207 alii
1725 3183 1789 3216 pro
1816 3172 1880 3205 Ca-

78 3248 156 3283 rolo
183 3248 226 3283 X.
247 3247 468 3292 pugnabant.
523 3245 577 3279 Cf.
598 3245 728 3285 Maym·
753 3242 785 3275 ΙΙ
813 3239 1014 3275 268—270.
