2073 3510
237 181 321 221 256
376 179 479 213 2232.
508 179 676 214 Canisius
704 180 871 225 Philippo
899 182 987 217 Bav.
1007 184 1119 227 princ.
1156 185 1331 230 Friburgo
1352 187 1497 223 Helvet.
1518 189 1612 224 inter
1632 203 1695 225 ver
1715 195 1751 225 et
1770 196 1858 228 aest.
1879 206 1909 229 a.
1932 196 2034 231 1587.

234 298 621 342 SERENISSIMO
652 298 655 354 Ι
685 301 761 343 ΕΤ
803 302 1324 349 REVERENDISSIMO
1356 305 1359 361 1
1388 308 1643 353 PRINCIPI
1682 313 1755 355 AC
1789 315 2032 369 DOMINO,
2069 341 2073 344 ·

234 365 283 406 D.
316 361 320 417 1
348 365 618 408 PHILIPPO
653 367 853 410 COMITI
875 369 1173 414 PALATINO
1205 369 1208 425 1
1238 373 1390 424 Rheni,
1422 375 1648 431 vtriusque
1671 379 1888 424 Bauariae
1910 383 2032 434 Duci,

234 431 331 485 Εο-’ι
348 430 591 485 clesiaeque
606 432 939 477 Ratisbonensis
954 435 1184 492 Episcopo.
1203 441 1283 480 etc.
1299 435 1301 493 1
1319 439 1545 484 PETRVS
1565 443 1831 489 CANISIVS
1848 443 1851 501 1
1871 448 2031 491 S.D.P.
2070 487 2073 512 ,ζ

352 509 402 551 SI
428 524 635 564 magnum
659 513 703 552 et
725 512 999 566 praeclarum
1022 514 1221 561 habetur.
1258 517 1540 562 Serenissime
1563 520 1783 578 Princeps,
1817 524 2033 569 hominem

230 574 417 617 nobilem
461 589 515 617 ex
559 575 733 631 optimis
776 580 820 620 et
862 579 1197 633 spectatissimis
1239 582 1474 626 maioribus
1507 588 1659 628 natum
1692 589 1861 641 florere.
1905 591 2033 647 longe
2070 621 2073 645 2

231 639 403 693 quidem
448 640 588 683 maius
634 645 766 696 atque
810 645 1080 699 praeclarius
1126 647 1465 691 existimandum
1512 655 1600 702 est.
1648 654 1834 698 eximiae
1878 656 2034 701 indolis
2071 688 2073 711 2

230 705 473 762 Principem
516 722 571 749 ex
614 709 856 752 clarissima
890 711 1058 753 Ducum
1102 716 1145 755 et
1178 713 1347 767 Regum
1392 719 1534 759 ortum
1576 720 1781 775 prosapia
1799 723 1823 773 ¹.
1868 722 1965 766 inde
2008 739 2033 766 a
2072 763 2073 773 ἶ

230 770 379 825 primis
413 773 538 815 annis
571 789 667 816 cuin
700 774 900 829 ingenuis
935 780 979 819 et
1012 777 1263 821 liberalibus
1287 780 1455 824 artibus
1482 782 1627 828 imbui.
1662 788 1755 828 tum
1779 802 1882 830 vero
1916 790 2033 832 salu-

230 837 397 880 taribus
432 838 715 883 Orthodoxae
758 841 980 896 religionis
1024 846 1068 886 et
1110 845 1383 888 heroicarum
1417 848 1629 892 virtutum
1669 853 1825 896 studiis
1867 854 1930 897 ita
1968 855 2032 898 in-

229 902 407 945 formari
432 908 564 959 atque
588 906 878 951 cohonestari.
914 912 963 951 vt
996 909 1109 952 idem
1137 911 1477 956 adolescentiam
1512 918 1556 958 et
1588 916 1860 962 iuuentutem
1894 936 2030 972 suam,

229 983 283 1010 ex
326 985 408 1024 qua
454 972 646 1026 reliquae
689 974 880 1028 pendent
923 979 1107 1019 aetates.
1153 978 1371 1022 decenter.
1417 981 1544 1024 docte
1586 983 1712 1026 simul
1753 988 1797 1028 et
1830 986 2032 1041 religiose

228 1035 443 1078 traducat.
496 1038 784 1087 Quamobrem
809 1040 928 1082 Tuae
952 1042 1205 1085 (jtelsitudini
1241 1059 1321 1099 ego
1355 1061 1441 1088 non
1474 1062 1650 1102 possum
1684 1066 1769 1093 non
1803 1053 2029 1106 gratulari,

228 1100 294 1142 cui
328 1104 500 1144 tantum
529 1103 687 1158 obtigit
710 1105 949 1157 felicitatis,
986 1112 1196 1163 quantum
1220 1112 1425 1166 perpauci
1449 1113 1698 1170 Principum
1720 1117 1795 1173 filij
1821 1118 2029 1167 sentiunt.

228 1169 275 1208 vt
307 1166 350 1208 in
383 1168 464 1209 hac
499 1172 645 1212 aet-ate
680 1170 805 1213 docili
840 1176 885 1214 et
917 1174 1103 1217 florenti.
1148 1176 1313 1230 talique
1347 1178 1440 1220 loco
1475 1180 1611 1223 Musis
1645 1187 1900 1227 consecrato
1915 1184 1942 1228 ².
1986 1189 2031 1228 et

226 1233 304 1274 sub
338 1234 513 1276 selectis
547 1236 685 1278 bonae
718 1237 817 1279 fidei
851 1239 1217 1295 Praeceptoribus
1261 1244 1315 1285 ad
1349 1248 1629 1299 praestantes
1670 1248 1768 1291 illas
1802 1250 1926 1293 dotes
1960 1266 2029 1293 as-

225 1302 392 1352 surgat⁷
420 1315 529 1353 quae
554 1301 595 1343 in
623 1303 772 1345 futuro
795 1306 887 1346 tum
907 1305 1107 1361 Principe
1141 1310 1233 1350 tum
1253 1309 1469 1366 Episcopo
1497 1313 1686 1356 maxime
1711 1315 2026 1359 desiderantur.

228 1364 427 1418 Agnosce
460 1382 626 1421 precor.
663 1372 706 1411 et
740 1372 883 1412 tecum
918 1371 1061 1414 animo
1096 1378 1251 1429 reputa
1285 1391 1428 1431 saepe.
1475 1382 1685 1432 quantum
1719 1380 1852 1424 diuini
1886 1385 2028 1425 aeter-

224 1429 352 1484 nique
370 1432 557 1474 numinis
576 1434 837 1489 benignitati
857 1438 1067 1480 bonorum
1087 1440 1276 1482 omnium
1294 1442 1405 1485 fonti
1425 1444 1597 1496 debeas.
1623 1447 1737 1500 quod
1752 1451 2028 1502 praesentem

224 1496 331 1538 bene
355 1498 569 1553 beateque
593 1500 766 1543 viuendi
797 1504 841 1544 et
875 1502 1065 1546 discendi
1100 1509 1256 1548 nactus
1290 1508 1349 1550 sis
1383 1511 1769 1565 opportunitatem.
1806 1517 1854 1556 vt
1888 1514 2028 1570 teipso

225 1560 266 1602 in
290 1562 381 1604 (lies
405 1566 447 1605 et
472 1565 635 1616 melior.
672 1570 716 1609 et
740 1568 991 1623 sapientior.
1028 1574 1070 1613 et
1095 1572 1263 1615 doctior
1286 1575 1398 1617 effici
1423 1591 1569 1630 queas.
1614 1578 1775 1621 Veniat
1797 1583 2027 1635 praeterea

224 1626 266 1669 in
298 1632 489 1672 mentem
524 1632 834 1676 Serenissimus
868 1636 981 1678 Dux.
1027 1640 1071 1679 et
1113 1638 1441 1684 laudatissimus
1484 1643 1624 1687 heros.
1671 1648 1883 1700 paterque
1927 1650 2026 1689 tuus

223 1694 432 1738 Dominus
458 1697 833 1743 GVLIELMVSQ
870 1701 940 1756 qui
975 1718 1052 1757 pro
1086 1720 1255 1747 summa
1288 1721 1476 1762 vereque
1510 1712 1695 1764 paterna
1727 1711 1893 1766 pietate
1916 1728 2025 1754 nun—

223 1774 350 1813 quam
384 1777 469 1804 non
504 1766 547 1805 te
583 1765 772 1820 respicit.
818 1770 861 1809 et
895 1768 1054 1810 eximia
1098 1785 1294 1826 quaeque
1338 1773 1389 1815 (le
1423 1777 1480 1817 te.
1525 1776 1680 1818 studiis
1722 1777 1810 1819 tuis
1843 1778 1936 1823 sibi.
1981 1782 2025 1821 et

222 1826 444 1870 Ecclesiae
468 1830 718 1873 Catholicae
751 1832 992 1886 pollicetur.
1042 1837 1183 1885 Quare
1218 1837 1344 1880 huius
1378 1843 1422 1881 et
1454 1841 1666 1883 bonorum
1700 1843 1888 1886 omnium
1923 1860 2023 1887 con—

221 1895 373 1946 ceptae
416 1895 748 1949 exspectationi.
794 1901 842 1940 vt
885 1899 1136 1943 satisfacias
1179 1918 1298 1957 rogo.
1344 1908 1387 1947 et
1430 1921 1558 1959 quam
1602 1907 1780 1962 pietatis
1820 1909 1946 1952 simul
1980 1914 2024 1954 et

220 1957 472 2013 disciplinae
506 1961 622 2003 viam
655 1962 879 2017 ingressus
914 1980 972 2009 es.
1017 1966 1059 2008 in
1095 1982 1145 2009 ea
1179 1971 1429 2023 praeclaras
1474 1972 1605 2014 animi
1648 1975 1926 2030 corporisque
1960 1977 2022 2019 tui

220 2023 343 2066 dotes
368 2040 575 2069 exerceas
599 2031 643 2070 et
667 2030 843 2072 excolas
867 2032 1154 2075 continenter.
1186 2035 1280 2077 Hoc
1305 2051 1408 2079 vero
1434 2042 1480 2080 vt
1505 2039 1679 2082 rectius.
1705 2041 1812 2083 duce
1836 2042 2020 2093 ‹fhristm

219 2092 479 2145 assequaris.
515 2093 707 2136 libellum
742 2096 880 2138 hunc*
917 2098 1258 2152 Ingolstadianis
1291 2103 1411 2157 typis
1435 2105 1748 2150 excudendum.
1784 2110 1829 2150 et
1860 2108 2021 2151 nomini

219 2158 293 2198 tuo
327 2156 647 2203 inscribendum
670 2163 820 2216 putaui
846 2164 1082 2207 lectissime
1107 2166 1335 2223 Princeps:
1371 2185 1456 2211 non
1480 2171 1617 2213 solum
1644 2175 1691 2215 vt
1716 2174 2021 2218 obseruantiae

218 2220 259 2262 in
292 2224 336 2264 te
370 2238 491 2267 meae
524 2231 851 2270 monumentum
896 2232 939 2272 et
982 2230 1139 2285 pignus
1182 2238 1439 2288 perpetuum
1475 2240 1662 2280 extaret.
1704 2253 1854 2281 verum
1889 2240 2019 2283 etiam

217 2290 264 2329 vt
308 2290 578 2333 occasionem
620 2295 876 2347 praeberem
920 2310 1050 2351 saepe
1093 2299 1364 2354 multumque
1398 2302 1616 2355 precandi.
1662 2307 1704 2346 et
1748 2319 1799 2346 ea
1841 2320 2020 2349 munera

216 2352 423 2397 diuinitus
457 2357 691 2401 obtinendi.
737 2375 847 2413 quae
882 2361 1083 2405 Antistiti
1119 2364 1172 2405 ad
1207 2365 1513 2418 grauissimum
1551 2369 1753 2425 Episcopi
1787 2386 1942 2413 munus
1975 2375 2019 2415 et

216 2434 322 2460 onus
356 2420 438 2463 rite
472 2424 773 2467 sustinendum
808 2427 1040 2479 destinato.
1077 2429 1110 2470 si
1147 2431 1333 2473 antehac
1357 2447 1560 2487 vnquam.
1596 2451 1708 2477 nunc
1733 2437 1801 2479 vel
1831 2437 2018 2480 maxime

214 2488 316 2527 sunt
328 2489 586 2531 necessaria.
606 2491 758 2544 Neque
771 2494 916 2534 tamen
932 2494 1151 2548 prohibeo.
1166 2496 1268 2550 quin
1282 2497 1405 2552 cupio
1419 2513 1536 2542 sane.
1552 2503 1596 2542 et
1609 2505 1710 2556 opto
1725 2503 2015 2555 vehementer,

215 2553 262 2592 vt
296 2552 581 2596 illustrissimi
616 2558 778 2599 fratres
793 2558 808 2579 Γ)
841 2559 902 2600 tui
940 2560 989 2601 l).
1016 2561 1465 2607 MAXIBHLIANx's.
1502 2566 1552 2607 1).
1580 2567 2014 2621 FERI‘)1N.2le)VS‚

338 2647 342 2664 ¹
374 2648 426 2683 Cf.
459 2651 545 2684 Fan.
567 2651 633 2685 Vll
663 2653 758 2686 :38:321

334 2702 345 2719 “-’
372 2702 410 2736 ln
441 2704 679 2739 universitate
710 2706 1006 2747 ingolstadiensi:
1040 2710 1119 2743 vide
1148 2711 1255 2745 liuius
1283 2713 1462 2756 epistulae
1491 2716 1830 2758 praefatinnenlam.

334 2756 345 2771 ³
374 2757 591 2791 (luilielmus
614 2759 654 2793 V.

337 2809 343 2827 ⁴
376 2811 565 2851 „Manuale
594 2814 903 2850 (¹21tl101ie01w1m*2
933 2816 974 2849 de
1003 2818 1106 2851 euius
1135 2819 1290 2854 editione
1323 2821 1534 2863 lngolstndii
1563 2836 1593 2857 a.
1621 2825 1706 2858 158?
1738 2827 1831 2859 saeta
1856 2838 1886 2860 v.
1910 2827 2012 2867 infra,
2050 2843 2052 2869 ς

216 2874 368 2898 monum.
400 2866 497 2900 1425.

332 2911 344 2928 ³¹
373 2913 645 2948 Maximilianns
677 2916 697 2950 Ι.
745 2918 832 2951 1ἵ1Ῑῖ1
890 2919 999 2953 11151.
1039 2920 1213 2955 llavariae
1242 2923 1394 2965 primum
1425 2925 1496 2958 «lux
1526 2926 1653 2965 inem,
1693 2927 1819 2961 deinde
1846 2928 2013 2973 princeps

211 2964 345 2998 elector
390 2968 470 3001 lii-21
524 2970 668 3003 futurus
695 2982 735 3003 ae
764 2983 830 3004 non
859 2973 974 3006 solnm
1006 2974 1210 3010 liavariam.
1245 2977 1307 3009 sed
1336 2977 1445 3011 etiam
1476 2982 1589 3013 totum
1619 2980 1807 3024 imperium
1836 2983 2010 3025 germani-

211 3030 290 3051 enm
327 3023 436 3063 atqne
473 3023 662 3057 ecelesiam
702 3025 918 3059 catholieam
956 3027 1134 3070 sapientia
1173 3033 1207 3063 et
1242 3031 1375 3065 virtute
1413 3044 1476 3065 sua
1515 3034 1660 3077 egregie
1697 3034 1887 3069 adiuturus
1923 3039 2009 3077 erat,

211 3071 409 3116 prineipnm
439 3088 690 3116 germanorum
711 3078 766 3111 sni
788 3080 961 3123 temporis
990 3081 1095 3115 facile
1121 3083 1289 3126 optimus.
1333 3085 1579 3119 Ferdinnndus
1616 3088 1702 3121 1577
1760 3089 1848 3123 1050
1886 3093 2009 3133 postea
2049 3100 2051 3123 1

212 3127 329 3160 faetus
349 3132 399 3161 est
431 3130 724 3174 areliiepiseopus
753 3133 990 3177 princepsque
1018 3135 1154 3170 elector
1180 3137 1408 3175 rotomensis.
1437 3140 1629 3184 episeopus
1659 3142 1862 3178 leodiensis.
1892 3156 2007 3178 mona-

209 3181 407 3216 steriensis.
437 3183 678 3221 hildesiensis.
708 3187 1019 3229 paderlnvrnensis.
1049 3190 1105 3223 vir
1134 3202 1284 3231 magnae
1313 3192 1472 3235 pietatis.
1502 3194 1688 3235 religionis
1707 3197 2006 3238 studiosissimus,

210 3235 400 3269 societatis-
431 3238 506 3270 lesu
536 3240 818 3275 nnmntissimns.
872 3243 1023 3275 (¹arolus
1052 3248 1213 3277 mortuns
1240 3251 1293 3279 est
1322 3248 1509 3290 septennis
1536 3261 1565 3282 a.
1592 3250 1689 3283 las?
