2073 3510
193 218 279 259 350
333 215 437 250 2299.
467 214 636 249 Canisius
666 215 787 249 loanni
815 214 931 248 Meier
957 217 994 248 et
1022 214 1203 248 Ludovico
1231 214 1276 248 ab
1304 214 1406 258 Affry
1435 226 1476 248 ac
1504 214 1653 249 Senatui
1682 215 1915 259 friburgensi.

191 337 375 393 serpit
408 339 467 380 vt
500 337 744 387 cancer¹,
789 336 844 378 ad
878 350 952 378 eos
985 336 1175 378 maxime
1209 335 1414 391 pertinet,
1452 335 1524 390 qui
1558 337 1687 379 rebus
1721 336 1764 378 in
1797 337 2006 393 religione

192 403 405 446 nouandis
439 417 536 446 sese
570 402 746 453 dedunt,
783 417 834 445 ac
867 402 1114 445 adulterino
1143 402 1351 457 dogmate
1386 403 1563 445 morbos
1597 401 1838 445 animorum
1870 404 2006 459 pesti-

191 471 333 513 lentes
356 472 402 513 et
423 468 764 512 immedicabiles
788 468 1000 511 inuehunt
1023 484 1074 511 ac
1096 470 1360 524 propagant.
1410 468 1515 511 Cum
1539 468 1653 511 enim
1676 469 1836 513 dormit
1858 473 2006 525 pater-

192 537 396 587 familias,
432 538 669 578 accurrunt
701 534 904 577 submissi
939 536 992 577 ab
1026 535 1153 577 hoste
1187 534 1330 577 vicino
1369 534 1571 590 operarij,
1607 549 1658 577 ac
1691 538 1810 578 tetra
1842 536 2008 581 zizania

192 602 365 645 triticon
398 601 751 657 superseminant
765 602 792 652 ²,
828 604 878 644 vt
910 601 1017 643 illud
1050 616 1365 657 saepenumero
1401 602 1651 644 suffocetur.
1703 602 1840 645 Credo
1874 606 2005 656 certe,

193 669 353 712 vestris
377 668 556 712 auribus
579 671 624 711 et
646 667 866 711 mentibus
889 683 1040 710 vocem
1069 667 1188 710 illam
1212 667 1432 719 Diuinam,
1468 682 1580 722 quae
1604 669 1718 723 apud
1742 669 2007 725 Prophetam

195 736 420 779 [eremiam
462 738 685 791 personat,
731 735 1007 777 continenter
1053 734 1282 777 intonare:
1331 735 1506 777 State
1552 750 1731 790 super
1776 736 1906 779 vias
1951 740 2008 781 et

192 803 407 854 videte,
453 805 507 845 et
548 801 914 856 interrogate
948 801 1009 843 de
1043 800 1269 843 semitis
1313 800 1592 855 antiquis,
1638 817 1776 856 quae
1809 803 1886 846 sit
1919 803 2008 847 via
2056 832 2059 833 ν

191 871 353 921 bona,
399 872 453 912 et
496 869 782 911 ambulate
816 867 869 910 in
904 882 986 911 ea:
1031 870 1085 910 et
1127 867 1442 911 inuenietis
1485 867 1855 923 refrigerium
1897 870 2008 913 ani-

191 937 382 978 mabus
416 935 674 978 vestris³⁵.
727 935 818 985 Quo
842 934 984 989 magis
1008 949 1089 989 ego
1114 937 1308 977 vestram
1339 936 1488 990 probo,
1525 949 1782 990 semperque
1815 937 2008 991 probabo

193 1002 467 1057 vigilantiam
493 1005 626 1057 atque
660 1001 934 1053 industriam,
971 1001 1041 1056 qui
1067 1001 1121 1043 ad
1145 1016 1295 1043 verum
1329 1001 1572 1043 animarum
1607 1001 1883 1056 refrigerium
1907 1004 2008 1045 sub·
2058 1046 2059 1049 ,

191 1068 294 1111 ‹litis
328 1068 682 1124 comparandum,
718 1068 770 1110 de
804 1068 929 1110 nouis
962 1067 1131 1110 semitis
1164 1067 1399 1122 fugiendis,
1436 1070 1569 1122 atque
1604 1067 1798 1122 antiquis
1831 1083 2008 1112 consec-

191 1135 337 1178 tandis
380 1150 601 1189 nunquam
645 1150 732 1177 non
774 1134 968 1177 intentos
1010 1134 1184 1177 habetis
1227 1134 1376 1176 oculos
1423 1137 1467 1177 et
1509 1133 1701 1184 animos,
1746 1137 2008 1190 vestraeque

195 1201 473 1256 Reipublicae
507 1201 770 1256 praesidium
807 1204 852 1244 et
885 1204 1188 1244 ornamentum
1236 1201 1280 1243 in
1323 1216 1373 1243 eo
1412 1201 1650 1243 maximum
1687 1201 1924 1253 collocatis,
1960 1205 2009 1245 vt

191 1267 305 1310 sicut
338 1267 552 1309 hactenus
585 1268 751 1310 factum
787 1270 867 1317 est,
904 1267 1167 1323 optimorum
1201 1270 1389 1323 patrum,
1425 1267 1727 1321 maiorumque
1761 1270 2006 1310 vestrorum

192 1334 275 1389 pijs
308 1333 512 1388 vestigijs
554 1333 777 1377 imitandis
820 1334 1008 1376 fideliter
1050 1334 1282 1377 insistatis.
1348 1334 1462 1376 Hinc
1486 1342 1575 1376 vnec
1618 1333 1823 1385 studium,
1866 1348 2007 1389 neque
2058 1332 2063 1347 ”

191 1402 391 1455 sumptus
410 1399 620 1454 defugitis
639 1400 693 1442 ad
718 1400 882 1443 auitam
908 1403 952 1442 et
976 1414 1114 1454 aeque
1138 1400 1369 1451 sinceram,
1396 1415 1525 1454 quam
1551 1415 1647 1442 cum
1670 1400 1786 1443 lacte
1809 1403 2008 1444 materno
2058 1398 2061 1446 s

193 1466 435 1518 imbibistis,
472 1466 727 1521 religionem
763 1466 1094 1509 vindicandam:
1139 1466 1261 1509 cuius
1295 1466 1426 1514 etiam
1462 1466 1608 1521 gratia
1647 1466 1903 1521 diligentem
1937 1481 2008 1510 ra·
2056 1487 2062 1526 Q

192 1532 355 1575 tionem
390 1533 444 1574 ab
478 1532 657 1575 vrbanis
691 1535 736 1575 et
768 1532 955 1588 paganis
983 1532 1234 1588 exposcitis,
1271 1525 1442 1588 templa
1470 1532 1674 1587 religiose
1708 1533 2008 1576 conseruanda

192 1598 371 1649 curatis,
406 1598 632 1641 ministros
666 1601 711 1641 et
743 1598 982 1653 magistros
1017 1613 1119 1641 vere
1153 1598 1401 1641 Catholicos
1435 1598 1704 1653 conquiritis,
1740 1598 2008 1654 conquisitos

194 1664 366 1717 amatis,
393 1664 573 1716 ornatis,
600 1665 847 1716 defenditis,
874 1664 1182 1720 Anabaptistis
1201 1668 1245 1707 et
1269 1665 1367 1720 alijs
1391 1665 1431 1707 id
1457 1679 1595 1719 genus
1618 1665 1817 1720 pestibus
1840 1666 2006 1709 aditum
2060 1707 2061 1718 ἶ

194 1746 363 1773 omnem
389 1730 687 1786 praecluditis,
712 1731 965 1785 nullumque
988 1731 1074 1773 illis
1097 1731 1335 1773 conceditis
1358 1731 1661 1782 ministerium,
1687 1731 1758 1786 qui
1783 1734 1832 1774 vt
1855 1746 2003 1775 vocem
2060 1783 2062 1786 .

195 1797 234 1839 in
260 1799 490 1851 quaestun‘i
517 1798 760 1848 conferant,
794 1812 898 1839 non
932 1796 1089 1839 missi
1122 1812 1263 1851 neque
1287 1797 1431 1839 vocati
1467 1797 1727 1847 currunt‘,
1763 1800 1808 1840 et
1834 1798 2004 1853 profani
2060 1824 2061 1831 κ

194 1863 361 1918 seipsos
404 1863 446 1905 in
480 1878 607 1905 sacra
641 1862 859 1917 ingerunt,
904 1878 1002 1905 nec
1046 1863 1106 1905 de
1150 1878 1242 1905 ore
1285 1863 1527 1907 Domini.
1572 1863 1666 1905 sed
1710 1863 2004 1907 visionem

193 1929 380 1971 cordis
430 1929 511 1971 sui
562 1930 914 1983 l‹)quuntur·⁷',
966 1944 1269 1984 pacemque
1315 1929 1587 1972 nuntiant
1633 1929 1723 1972 vbi
1769 1945 1873 1973 non
1919 1932 2005 1973 est

193 2011 296 2051 pax
313 1996 340 2047 ⁴²,
378 1999 425 2038 vt
448 1995 722 2051 Propheticis
746 1996 891 2038 verbis
915 1999 1102 2038 Vtamur.
1155 1996 1346 2049 Legistis
1371 1996 1535 2051 opinor,
1572 1999 1649 2038 aut
1675 1998 1794 2039 certe
1818 2011 1843 2038 a
1866 1996 2007 2039 doctis

193 2062 291 2117 alijs
334 2062 579 2117 accepistis,
625 2062 737 2116 quod
773 2062 1046 2105 constantini
1082 2062 1230 2117 Magni
1267 2062 1467 2105 Caesaris
1512 2062 1762 2114 institutor,
1807 2063 2006 2118 idemque
2058 2093 2059 2100 κ

195 2128 259 2171 vir
293 2128 477 2171 celebris
511 2129 769 2171 Lactantius
803 2129 1078 2171 FirmianusT
1113 2129 1211 2171 olim
1247 2129 1507 2184 grauissime
1542 2129 1731 2185 scripsit.
1780 2129 2004 2181 Quoniam,
2058 2165 2059 2171 ,

193 2195 345 2249 inquit,
382 2195 547 2237 multae
580 2195 786 2237 haereses
820 2195 1077 2245 extiterunt,
1124 2198 1168 2238 et
1202 2195 1481 2237 instinctibus
1519 2196 1786 2237 Daemonum
1820 2196 2006 2251 populus
2058 2187 2060 2211 l

198 2261 269 2302 Dei
316 2261 478 2303 scissus
521 2263 601 2311 est,
647 2261 979 2303 determinanda
1020 2261 1176 2303 nobius
1218 2261 1364 2303 breuis
1410 2264 1478 2304 est
1519 2261 1703 2308 veritas,
1749 2275 1799 2303 ac
1840 2261 1884 2303 in
1927 2276 2004 2304 suo

194 2327 365 2382 proprio
400 2327 615 2370 domicilio
639 2327 905 2378 collocanda,
943 2330 991 2369 vt
1024 2327 1057 2369 si
1094 2328 1190 2381 quis
1223 2342 1380 2381 aquam
1410 2327 1528 2369 vitae
1552 2327 1672 2382 cupit
1695 2327 1883 2378 haurire,
1918 2342 2002 2369 non
2058 2332 2060 2336 ’

191 2393 245 2435 ad
279 2392 465 2435 detritos
498 2393 619 2435 lacus
653 2393 890 2444 deferatur,
927 2393 996 2447 qui
1022 2408 1107 2435 non
1135 2393 1299 2436 habent
1325 2408 1496 2443 venam,
1532 2393 1607 2435 sed
1635 2392 1899 2435 vberrimum
1924 2393 2005 2435 Dei
2058 2425 2059 2437 i

191 2460 357 2501 fontem
391 2459 576 2510 nouerit,
625 2475 709 2513 quo
752 2459 962 2513 irrigatus
1005 2459 1181 2514 perenni
1218 2460 1312 2501 luce
1346 2459 1554 2514 potiatur.
1608 2460 1754 2513 Atque
1788 2474 1843 2501 ne
1878 2461 2005 2514 roget
2058 2480 2060 2484 ¹

191 2526 306 2567 forte
330 2525 557 2580 quispiam,
594 2540 705 2579 quae
739 2525 797 2567 sit
830 2525 917 2567 ista
949 2525 1094 2568 breuis
1129 2528 1173 2568 et
1206 2526 1514 2581 compendiosa
1539 2525 1717 2576 veritas,
1755 2525 1868 2580 quod
1902 2540 2004 2580 pro-
2058 2522 2059 2528 ¹

193 2591 331 2646 prium
366 2591 642 2641 domicilium,
678 2606 789 2645 quae
823 2606 937 2645 aqua
972 2593 1089 2634 vitae
1123 2591 1377 2643 haurienda,
1419 2591 1515 2646 quis
1548 2592 1646 2633 fons
1681 2591 1734 2633 ad
1768 2606 2002 2646 perennem
2058 2586 2060 2590 Α

193 2658 331 2699 lucem
365 2658 682 2712 assequendam
709 2657 867 2711 requiri
892 2658 1062 2708 debeat,
1098 2658 1210 2700 idem
1236 2657 1494 2700 Lactantius
1527 2657 1750 2713 sapienter
1783 2672 1889 2699 sane
1922 2657 2003 2699 hoc

192 2724 318 2765 modo
353 2724 609 2779 respondet:
645 2724 746 2766 Sola
780 2724 1005 2766 Catholica
1039 2724 1250 2775 Ecclesia,
1287 2738 1397 2778 quae
1432 2738 1583 2766 verum
1618 2724 1782 2766 cultum
1818 2722 2000 2765 retinet:

193 2789 259 2831 liic
293 2792 361 2832 est
394 2791 492 2832 fons
517 2790 741 2839 veritatis;
776 2790 858 2832 hoc
881 2793 949 2832 est
973 2790 1233 2832 domicilium
1262 2790 1404 2835 Fidei:
1440 2790 1520 2831 hoc
1544 2790 1753 2844 templum
1780 2790 1881 2831 Dei:
1917 2803 2003 2843 quo

312 2884 340 2913 a)
365 2886 396 2909 ln
420 2886 453 2909 R.
477 2885 612 2916 srquilm‘
634 2884 770 2909 salutari.

317 3000 322 3017 ¹
352 3003 373 3034 2
400 3000 478 3033 'l'im
507 3002 538 3040 2,
574 3001 623 3034 17.
749 3000 762 3017 “”’
790 3000 842 3034 (Ὗ,
867 3001 919 3033 Mt
952 3000 1001 3039 123,
1030 2999 1074 3033 24
1127 3000 1182 3034 530.

314 3054 325 3070 ³¹
357 3055 408 3087 lvr
435 3055 467 3092 (ἰ,
501 3055 550 3088 lii.
682 3053 688 3071 ⁸
721 3054 773 3087 11¹1·
800 3056 856 3091 233,
885 3054 940 3088 21.

314 3107 326 3124 ⁵
358 3108 410 3141 lor
437 3111 492 3148 253,
528 3109 576 3142 1⁴3.
726 3109 739 3123 ⁴²
771 3108 823 3140 lm·
849 3109 881 3147 li,
916 3108 974 3142 ll:
1003 3110 1035 3146 Β,
1070 3109 1128 3144 ll:
1162 3107 1207 3140 ΕΖ
1238 3109 1292 3147 153,
1327 3109 1377 3141 10.

316 3162 325 3180 ⁷
357 3162 566 3196 Lactantius
595 3176 660 3196 non
682 3163 909 3196 (mustantsini
942 3163 1138 3200 institutor,
1167 3162 1228 3195 sed
1255 3162 1451 3203 „nias-:islvr
1471 3162 1638 3195 (';1‹·s;u·is
1666 3161 1795 3204 crispi.
1824 3160 1886 3194 filii
1910 3161 1998 3193 (¹011-

191 3217 362 3250 stamini*
407 3217 538 3258 Magni,
579 3217 656 3254 suit,
697 3220 729 3250 ιιί
761 3217 882 3249 svribit
924 3218 956 3251 ὃ.
984 3218 1234 3258 ΙΙῘιί-υημηιηκ,
1277 3216 1324 3249 Ι)(·
1354 3216 1442 3249 viris
1481 3215 1684 3249 illustribus
1721 3228 1749 3248 r.
1780 3216 1826 3247 80
1851 3215 1998 3256 <illi-qne,
2060 3240 2061 3247 1

197 3272 452 3306 1'.lat.XXlll
487 3272 576 3305 72⁴3„
