2073 3510
807 179 898 212 Mon.
924 180 1025 213 1:3139.
1072 181 1172 214 15⁸1.
1796 186 1882 225 liz-sti

87 312 200 343 neque
227 299 269 333 (le
306 299 467 342 pluuiali.
506 311 620 342 neque
657 299 699 332 ‹le
736 298 819 340 alijs
856 298 962 331 relius·
999 299 1189 341 quiequam
1231 302 1331 333 modo
1368 302 1630 335 coma—‹leinlnm
1672 303 1880 338 iudicamus,

84 356 227 398 praeter
262 364 302 386 ea
341 365 431 396 quae
464 353 642 386 Lucci-nae
681 352 714 386 in
752 364 818 385 usu
852 355 947 386 sunt.
989 353 1080 394 qnod
1121 353 1183 385 l'uil
1225 354 1331 387 eliani
1365 356 1599 389 Hem-rentiae
1631 357 1668 391 V.
1701 357 1880 391 iudiciuin.

86 408 286 442 ...Vnum
325 411 443 441 tamen
481 410 533 440 est
573 406 666 449 (111011
703 406 847 439 concedi
886 409 1018 448 posset.
1057 418 1184 449 nempe
1224 411 1259 440 ut
1293 408 1498 442 scholastici
1531 410 1562 442 in
1592 411 1773 453 aliquibus
1801 424 1880 455 sup-

85 461 340 506 plicationibus¹
367 461 396 494 si
425 461 524 494 ciues
553 461 600 494 ita
631 460 754 494 uelint.
784 460 998 503 procedant*
1043 472 1084 492 ex
1115 464 1326 496 conum-nt:
1357 464 1396 496 Η,
1418 465 1500 505 Sul».
1527 465 1534 496 l
1572 466 1593 498 1¹.
1621 465 1720 498 1³2³.

85 564 234 598 1369.
336 560 432 596 1584.

205 630 257 663 Ex
287 628 493 673 apographo
522 628 629 661 liuius
658 628 771 671 partis
800 627 1001 661 litterarum
1031 627 1153 660 eodem
1184 628 1258 661 sere
1286 631 1446 671 tempore
1466 630 1610 673 scripto,
1652 632 1734 665 (ml.
1760 632 1789 665 „l
1813 634 1877 664 :zu-

86 684 108 718 f.
132 684 185 718 Π,
239 682 464 716 Palu-issima
502 694 545 715 ex
584 681 628 715 iis
656 682 689 715 in
719 681 875 715 Litteras
903 693 1042 714 annuas
1078 681 1284 724 piwwinciae
1313 683 1526 717 Germaniae
1562 686 1758 727 superioris
1785 690 1818 719 et
1849 687 1880 719 in

87 737 256 772 ,Annuas
284 736 441 770 Litteras
469 735 695 769 societatis:
724 735 766 768 (10
795 735 925 778 quilius
954 734 1045 768 infra
1073 747 1105 778 p.
1127 735 1206 770 1354.
1236 736 1453 779 transcripta
1482 741 1577 772 sunl.

203 798 378 830 Doctrina
415 797 625 830 christiana.
689 797 787 828 (Ἠιγι
827 797 1053 837 infirnwrmn
1091 801 1119 828 er
1156 800 1386 839 caplis-orum.
1446 799 1656 829 ,s'mlalimtis
1692 800 1884 831 Mat-ianm

79 854 194 894 pietas
219 856 248 883 ct
275 854 484 885 constantia.

203 922 242 956 In
271 922 412 965 collegii
443 921 683 965 friburgensis
706 922 851 954 Iliam-is
876 924 1022 961 annuis,
1050 921 1226 965 F1·il›urgo
1253 924 1285 957 8,
1306 922 1522 957 Novembris
1547 924 1635 957 1584
1662 923 1767 958 datis.
1796 924 1882 957 ham·

82 979 294 1010 narrantur:
327 976 518 1013 „Doctrina
539 975 737 1009 christiana
757 975 811 1016 „in
831 975 947 1009 trihus
967 974 1074 1008 huius
1095 975 1192 1009 vrbis
1212 976 1359 1020 templis
1383 976 1556 1011 docenii-¹.
1575 1006 1580 1011 .
1599 1006 1604 1011 .
1623 1005 1629 1011 .
1663 976 1811 1011 visitati
1829 1006 1834 1011 .
1854 1007 1858 1011 .
1877 1006 1882 1011 .

84 1030 212 1064 infirmi
250 1029 421 1064 subinde:
461 1029 494 1063 in
531 1028 701 1072 hospitali
730 1028 956 1071 languentes„
995 1041 1036 1062 ac
1064 1030 1269 1063 carceribus
1298 1030 1438 1071 inclusi,
1467 1033 1508 1065 vt
1534 1043 1592 1065 res
1620 1030 1723 1064 tulit:
1762 1043 1803 1064 ac
1830 1035 1884 1064 ter

82 1096 164 1118 reos
201 1084 245 1118 ad
281 1086 433 1117 mortem
470 1086 679 1117 constanter
715 1082 952 1126 oppetendam
990 1083 1178 1118 ‹·‹›lwrtati.
1232 1084 1393 1127 Cumque
1427 1085 1520 1128 quod
1548 1085 1694 1128 saepius
1721 1084 1884 1128 captiuos

82 1137 354 1177 accederemus,
390 1140 580 1172 vereretur
617 1136 771 1170 carceris
808 1139 942 1173 cust-os.
980 1148 1023 1170 ne
1060 1137 1192 1171 malam
1229 1138 1298 1172 sihi
1337 1139 1577 1183 Magistratus
1613 1138 1767 1183 gratiam
1805 1150 1883 1172 con-

82 1191 241 1227 ciliaret:
269 1191 412 1225 demum
434 1191 587 1234 ipsemet
606 1190 715 1225 Vrbis
734 1190 941 1234 praefectus
961 1190 1148 1225 nobiscum
1169 1203 1348 1226 carcerem
1370 1193 1567 1237 ingressus,
1596 1192 1692 1226 omni
1712 1194 1882 1236 tempore,

81 1245 185 1279 nobis
210 1245 424 1279 facultatem
453 1256 533 1278 cum
561 1244 739 1278 uellemus
766 1255 974 1278 concessam
1003 1245 1142 1278 custodi
1164 1245 1347 1281 indicauit.
1369 1275 1375 1281 .
1398 1275 1403 1281 .
1426 1275 1432 1281 .
1461 1246 1642 1281 Sodalitas
1661 1247 1700 1281 B.
1722 1246 1884 1291 Virginis

82 1299 118 1334 in
153 1299 220 1333 hac
256 1299 405 1333 ciuitate
442 1298 575 1342 duplex
612 1302 678 1333 est.
716 1298 831 1332 altera
867 1298 1044 1339 virorum,
1082 1299 1350 1343 Discipulorum
1387 1303 1533 1335 nostrae
1569 1300 1720 1335 scholae
1757 1301 1882 1335 altera.

82 1353 241 1396 Quorum
277 1353 395 1387 uirtus
431 1352 466 1387 in
502 1352 629 1386 multis
664 1352 814 1395 probata
851 1355 918 1387 est.
969 1352 1047 1386 Viri
1084 1353 1179 1386 enim
1213 1353 1520 1398 indulgentiarum
1548 1355 1880 1398 consequendarum

81 1418 188 1441 vsum
225 1407 361 1451 pietate
396 1418 462 1441 sua
498 1409 729 1447 relicum-unt,
767 1418 859 1449 quae
898 1406 955 1440 hic
992 1407 1092 1450 prius
1127 1408 1215 1441 adeo
1249 1408 1415 1452 cognitae
1442 1421 1510 1443 11011
1537 1411 1650 1443 erant.
1703 1408 1882 1442 Sacellum

82 1460 180 1501 item,
218 1472 259 1494 ac
295 1460 519 1504 sepulturam
546 1461 739 1504 propriamy
776 1460 812 1494 in
843 1460 976 1504 templo
1004 1461 1046 1496 D.
1066 1461 1230 1505 Virginis
1256 1462 1325 1496 sibi
1353 1467 1617 1506 compararunt.
1655 1464 1883 1508 elegantibus

82 1514 303 1549 ornamentis
322 1514 585 1549 instruxerunt.
629 1514 756 1548 Adhuc
782 1526 960 1558 pauperes
978 1515 1130 1549 subinde
1149 1515 1391 1559 eleemosynis
1417 1516 1615 1561 largiendis
1633 1517 1881 1557 subleuarunt,

83 1568 354 1612 disciplinarum
383 1580 423 1602 ac
451 1568 648 1602 ciliciorum
677 1568 921 1611 poenitentiae
935 1568 1003 1609 [5²]a
1030 1580 1068 1603 se
1096 1572 1347 1611 exercuerunt7
1375 1570 1438 1603 sed
1458 1570 1547 1604 illud
1566 1571 1600 1604 in
1628 1571 1755 1615 primis
1782 1572 1882 1605 forti-

82 1622 218 1656 tudinis
245 1634 286 1656 ac
313 1622 463 1656 virtutis
489 1625 577 1658 erat.
612 1622 706 1665 quod
733 1634 814 1655 cum
842 1622 1034 1656 maledicta
1062 1634 1102 1656 ac
1129 1623 1259 1666 probra
1286 1623 1448 1657 nonnulli
1476 1624 1511 1657 in
1539 1624 1775 1659 Sodalitatem
1803 1637 1882 1659 cou-

81 1675 263 1714 iecissent‚
301 1678 410 1719 atque
446 1676 482 1709 in
519 1675 636 1709 odium
667 1675 773 1717 [eam]
802 1678 1005 1715 vocassent,
1042 1676 1200 1710 maxime
1228 1677 1321 1719 quod
1349 1677 1440 1711 duae
1468 1677 1633 1718 feminae,
1672 1690 1763 1721 quae
1790 1678 1881 1712 hanc

82 1729 275 1764 confitendi
312 1741 352 1763 ac
389 1729 676 1764 communicandi
713 1730 842 1772 quouis
878 1741 1001 1764 mense
1038 1730 1334 1764 consuetudinem
1372 1730 1535 1765 imitatae
1572 1732 1736 1773 fuerant,
1772 1732 1882 1766 nimio

80 1783 229 1828 pietatis
264 1783 385 1817 studio
420 1786 474 1825 <vt
500 1783 661 1827 putatur‘l
697 1783 732 1817 in
760 1783 955 1818 amentiam
990 1783 1223 1821 incidissent:
1261 1796 1489 1828 nequaquam
1521 1788 1643 1819 tamen
1671 1798 1691 1820 a
1717 1786 1883 1830 pristinis

83 1837 404 1872 exercitationibus
431 1837 661 1872 destiterunt.
714 1837 788 1871 Imo
815 1837 938 1881 plures
965 1840 1001 1871 et
1027 1837 1201 1871 honestae
1227 1849 1403 1881 personae
1430 1838 1666 1873 nihilominus
1692 1843 1818 1883 postea
1839 1841 1882 1874 ad

81 1890 318 1926 Sodalitatem
345 1902 384 1925 se
411 1890 686 1926 adiunxerunt.“

203 1950 305 1992 Quod
342 1951 386 1984 ad
423 1950 622 1985 doctrinam
659 1950 896 1985 christianam
929 1950 1071 1991 attinet,
1110 1951 1148 1985 P.
1179 1952 1354 1985 Habet-tus
1381 1953 1573 1986 Ardrenns
1600 1952 1633 1988 S.
1655 1953 1688 1988 J.
1708 1953 1883 1998 Friburgo

83 2005 114 2040 1.
134 2004 292 2039 Ianuarii
320 2005 413 2039 1584
440 2005 589 2039 Claudio
617 2005 834 2048 Aquavivae
861 2004 1057 2048 *scripsit:
1097 2005 1185 2045 „Hic
1213 2005 1381 2050 Friburgi
1408 2005 1444 2039 in
1471 2006 1596 2041 schola
1623 2007 1732 2041 etiam
1760 2007 1881 2041 infima

83 2057 255 2103 [collegii]
283 2059 418 2103 legitur
444 2058 688 2093 catechismus
716 2059 862 2095 latinus,
898 2071 964 2093 nec
992 2059 1066 2093 vlla
1094 2071 1179 2093 cura
1210 2059 1365 2093 habetur
1390 2062 1431 2094 vt
1455 2061 1649 2104 paruulum
1676 2062 1882 2106 germanica

81 2113 286 2157 gallicaque
322 2113 446 2158 lingua
473 2113 633 2147 aeditum
661 2113 834 2148 discant.“
890 2113 990 2148 Utile
1017 2125 1113 2150 vero.
1151 2116 1186 2147 et
1217 2114 1382 2157 parvulis
1409 2117 1445 2148 et
1471 2115 1668 2149 maioribus
1696 2116 1884 2160 discipulis

80 2169 190 2211 atque
217 2167 327 2202 etiam
355 2179 477 2201 eorum
512 2167 724 2211 parentibus
751 2169 838 2208 fore,
880 2170 941 2209 „vt
966 2168 1110 2212 vulgari
1147 2168 1272 2212 lingua
1299 2168 1389 2203 bene
1416 2169 1589 2203 memoria
1615 2172 1774 2220 teneant·
1790 2173 1883 2204 cate-

80 2220 295 2256 chismum“.
348 2221 618 2255 Catechismum
655 2221 880 2256 canisianum
916 2221 1116 2266 significari
1143 2222 1236 2256 satis
1263 2224 1401 2256 certum
1429 2225 1504 2263 est:
1542 2235 1575 2258 v.
1599 2224 1686 2258 Can.
1707 2224 1775 2258 VH
1804 2225 1882 2258 76⁴5.

82 2275 218 2309 Verum
246 2275 285 2310 P.
309 2276 484 2317 Εἶρον-,111113
511 2276 633 2309 Baa‘er
661 2275 890 2319 praepositus
917 2275 1153 2310 nrovincialis
1180 2276 1347 2320 Augusta
1374 2276 1644 2311 Vindelicorum
1673 2278 1727 2312 10.
1748 2278 1884 2322 Aprilis

81 2329 175 2363 1584
201 2329 246 2363 ad
270 2329 501 2373 Aquavivam
529 2329 719 2364 *rettulitz
752 2330 909 2371 „Nullibi
936 2329 1109 2365 maiorem
1136 2330 1279 2364 inuenio
1307 2330 1563 2365 difficultatem
1591 2343 1699 2374 quam
1717 2332 1745 2365 F
1746 2332 1882 2377 riburgi

78 2382 111 2417 si
147 2383 218 2417 alia
246 2395 354 2426 quam
393 2383 505 2418 latina
542 2383 666 2428 lingua
695 2384 875 2419 doceatur.
928 2384 964 2418 Si
992 2384 1087 2418 enim
1115 2384 1332 2429 germanice,
1369 2385 1532 2428 plerique
1561 2384 1656 2419 Galli
1683 2398 1754 2419 non
1781 2386 1883 2420 intel-

84 2437 208 2481 ligent,
237 2437 273 2471 Si
302 2437 440 2472 Gallice
477 2437 563 2481 quid
598 2438 735 2472 facient
763 2437 932 2473 Germani
945 2441 964 2473 ἱ)
1014 2438 1126 2475 Adde,
1165 2438 1259 2481 quod
1295 2441 1332 2472 et
1357 2439 1483 2474 nostri.
1521 2442 1558 2473 et
1584 2439 1626 2474 D.
1650 2439 1883 2483 Praepositus

80 2491 211 2525 obnixe
237 2503 294 2526 me
321 2492 494 2536 rogarint,
523 2495 563 2526 vt
591 2491 790 2527 Germanos
816 2492 938 2536 potius
965 2504 1073 2536 quam
1099 2492 1224 2527 Gallos
1250 2492 1299 2526 1111
1327 2493 1585 2528 constituerem
1605 2494 1882 2538 Praeceptores:

80 2545 176 2588 quod
204 2544 360 2579 Senatus
396 2546 519 2589 cupiat
546 2546 708 2590 linguam
737 2545 914 2581 Gallicam
950 2547 1096 2590 penitus
1131 2558 1153 2581 a
1180 2546 1329 2581 ciuitate
1357 2547 1609 2591 exti1·patain.“
1665 2548 1882 2582 Visitationc

79 2598 207 2632 deinde
232 2599 375 2644 collegii
394 2600 635 2645 friburgensis
654 2600 821 2635 absoluta
838 2602 960 2634 Bader
973 2601 1189 2645 Aquavivae
1205 2601 1406 2645 Oeniponte
1426 2603 1457 2636 6.
1472 2602 1562 2636 lunii
1580 2603 1672 2636 1584
1691 2602 1881 2645 *sel-ipsit:

84 2652 158 2692 „De
194 2653 414 2687 catechismo
442 2653 581 2688 Gallice
618 2655 654 2688 in
689 2655 825 2689 scholis
861 2655 1030 2692 docendo,
1068 2655 1241 2699 inquisiui
1273 2656 1476 2700 diligenter,
1514 2657 1692 2700 planeque
1720 2668 1805 2695 rem,
1843 2658 1880 2688 ut

83 2706 127 2740 10
152 2706 266 2749 April.
294 2707 339 2741 ad
366 2707 409 2742 V.
429 2707 470 2742 R.
491 2708 529 2743 P.
549 2708 691 2752 scripsi,
729 2720 768 2742 se
796 2708 928 2743 habere
956 2709 1120 2743 intellexi
1149 2726 1156 2733 ·
1184 2721 1309 2743 omnes
1335 2710 1429 2743 enim
1462 2709 1687 2743 consultores
1720 2720 1794 2749 uno
1822 2721 1881 2741 ex-

80 2760 199 2803 cepto)
235 2760 277 2794 ob
313 2761 459 2795 easdem
496 2773 646 2796 caussas
683 2762 935 2796 dissuaserunt
966 2763 1227 2797 catechismum
1255 2763 1435 2797 Gallicum
1465 2780 1470 2786 ·
1500 2763 1559 2796 ille
1587 2774 1671 2795 uero
1699 2762 1882 2795 consultor

80 2816 138 2847 est
164 2813 203 2848 P.
231 2814 422 2855 Robertus,
461 2826 565 2858 quem
602 2815 767 2859 suspicor
802 2816 847 2850 ad
873 2815 916 2850 V.
936 2816 977 2851 R.
998 2816 1037 2850 P.
1057 2828 1098 2850 ea
1134 2817 1176 2850 de
1203 2828 1241 2849 re
1268 2816 1469 2859 scripsisse,
1504 2816 1546 2849 de
1574 2828 1643 2858 (1110
1671 2815 1704 2848 id
1740 2827 1803 2858 pro
1831 2815 1879 2848 in-

81 2866 296 2901 formatione
333 2867 449 2902 obiter
484 2869 612 2909 dicam,
649 2869 767 2913 ipsum
803 2869 886 2913 plus
921 2881 1035 2913 aequo
1071 2870 1187 2903 solere
1223 2870 1259 2903 in
1295 2880 1359 2903 suo
1392 2880 1502 2903 sensu
1528 2869 1709 2903 abundare
1739 2886 1744 2892 ·
1774 2868 1880 2902 facile

80 2931 174 2954 noua
208 2924 348 2956 tentare
383 2934 453 2956 non
488 2923 581 2957 satis
617 2923 855 2958 consideratis
885 2924 1097 2958 rationibus.
1136 2935 1204 2966 (1110
1232 2923 1341 2957 etiam
1373 2924 1424 2963 fit,
1462 2926 1501 2956 ut
1528 2922 1634 2956 facile
1661 2922 1878 2957 sententiam

219 3003 248 3035 a)
269 3006 334 3037 Sim
354 3007 506 3037 Ieaendum
528 3014 589 3031 esse
611 3008 746 3032 ridetur:
766 3006 975 3039 poenitentiis.

205 3107 213 3124 ¹
241 3107 272 3140 A
299 3107 414 3141 Sociis
440 3119 470 3143 a.
492 3108 584 3143 1583
615 3108 671 3149 ‚in
700 3108 816 3142 trihus
842 3108 950 3142 huius
981 3107 1142 3141 ciuitatis
1170 3107 1317 3151 templis
1345 3107 1505 3141 doctrina
1535 3106 1731 3141 christiana
1761 3107 1877 3142 doceri

82 3162 208 3204 coepta
235 3162 302 3201 est,
329 3160 365 3194 in
392 3160 435 3196 D.
456 3161 618 3205 Virginis
645 3164 680 3195 et
700 3162 742 3196 D.
763 3161 913 3195 Joannis
941 3160 1159 3205 germanice,
1188 3160 1222 3194 in
1250 3160 1385 3194 sacello
1413 3172 1497 3194 uero
1516 3160 1558 3195 D.
1580 3160 1677 3195 Petri
1699 3161 1877 3195 Gallice':

82 3213 278 3248 *Historia
306 3215 449 3260 collegii
477 3215 718 3260 friburgensis
744 3215 841 3257 (eod.
862 3215 943 3249 frib.
969 3215 1084 3255 „Hist
1105 3214 1184 3249 coll.
1205 3214 1320 3249 Frib.“
1350 3227 1383 3258 p.
1405 3215 1521 3249 4-2·›·:.
1631 3246 1648 3252 2
1667 3238 1671 3245 2
