2073 3510
491 207 666 252 Friburgo
694 207 944 241 Helvetiorum
973 207 1075 240 initio
1102 219 1147 242 111.
1171 207 1324 241 Ianuarii
1357 208 1456 242 1533.
1793 213 1866 252 14]

75 333 295 375 Laborant
328 330 371 372 in
403 329 553 385 p1i1nis
587 328 783 383 grauiter
816 327 1039 370 antistites
1063 329 1352 383 ‹tp1a‹lati‹
1355 330 1598 379 lei-manici,
1634 345 1794 382 gemo
1829 334 1876 373 ut

73 397 304 454 pluiinuun
337 396 515 445 nobiles,
551 395 627 437 ssd
660 396 751 436 fue
784 408 956 449 perper
944 409 1013 435 am
1037 409 1062 436 a
1085 394 1235 449 piimis
1266 395 1390 437 annis
1423 395 1463 437 in
1491 397 1746 438 Germanico
1770 397 1875 438 luxu

73 463 257 513 educati,
302 477 371 504 1e1
377 478 446 504 um
488 476 711 503 sacraluln
756 476 780 503 u
785 461 882 502 mh
924 460 1125 515 imperiti,
1171 461 1283 502 auli(
1287 476 1337 503 ae
1380 477 1522 517 pomp
1524 478 1563 504 u
1607 466 1651 505 ‹t
1690 463 1873 505 seculari

72 529 295 586 potentiae
318 528 527 570 maiorem
559 527 603 569 in
626 527 800 568 modum
824 526 970 577 dediti,
1007 529 1051 569 et
1085 526 1186 580 quia
1219 542 1264 568 se
1296 527 1514 582 principes
1538 529 1682 582 potius
1707 529 1873 584 inlperij

74 610 202 651 quam
234 597 435 650 pastores
469 593 614 635 ouium
647 592 807 635 Christi
841 606 936 634 esse
970 592 1274 642 meminerunt,
1322 592 1437 634 circa
1470 594 1742 648 temporalia,
1790 610 1873 636 non

72 660 329 716 spiritualia,
374 662 559 714 tempus,
604 672 780 713 operam
821 672 1010 713 opesque
1051 660 1323 700 consumunt.
1374 658 1514 712 Igitur
1547 674 1686 713 neque
1720 676 1797 715 per
1830 676 1875 701 se

72 727 201 783 ipsos,
236 740 376 780 neque
408 740 486 780 per
512 724 691 767 idoneos
715 724 823 766 alios
846 723 1152 779 Episcopalem
1175 724 1443 767 functionem
1467 729 1686 775 exercent,
1723 741 1874 780 parum

73 796 120 836 ut
153 792 309 835 soliciti
343 791 432 834 sint
464 791 516 833 de
551 790 802 833 uisitatione
826 793 870 832 et
893 790 1204 833 reformatione
1228 790 1524 833 Ecclesiarum
1549 794 1593 833 et
1616 791 1875 833 nmnasteri-

72 873 206 909 orum,
249 858 300 900 de
334 856 605 899 celebrandis
638 855 830 911 synodis,
871 856 923 898 de
957 855 1259 898 examinandis
1293 856 1461 898 clericis
1494 859 1691 912 tempore
1724 872 1876 899 sacrae

71 923 378 974 ordinationis,
424 924 476 965 de
518 922 713 965 censuris
755 922 1078 965 Ecclesiasticis
1121 922 1268 977 aliqua
1310 937 1365 965 ex
1407 926 1534 978 parte
1577 923 1874 965 obseruandis

71 991 294 1033 Laborant
336 989 490 1032 deinde
533 988 730 1043 grauiter
762 988 998 1043 Principes,
1034 988 1338 1043 Magistratus,
1374 988 1617 1043 Consiliarij
1653 991 1698 1031 et
1731 989 1877 1044 capita

70 1057 340 1112 populorum,
386 1055 499 1110 quod
533 1068 845 1110 saepenumero
880 1055 1009 1096 rebus
1042 1054 1365 1097 Ecclesiasticis
1405 1057 1449 1097 et
1483 1055 1537 1097 ad
1570 1055 1876 1110 Episcopalem

71 1122 411 1165 iurisdictionem
429 1120 749 1177 pertinentibus
767 1135 862 1163 sese
880 1120 1166 1172 immisceant,
1192 1135 1242 1163 ac
1260 1120 1581 1164 immunitatem
1604 1121 1876 1176 spiritualem

70 1188 163 1231 siue
196 1187 552 1230 Ecclesiasticam
595 1187 759 1229 uiolare
801 1201 887 1229 non
930 1189 1178 1237 uereantur,
1224 1187 1419 1242 adeoque
1461 1187 1568 1230 semi
1601 1188 1877 1230 Lutheranos

71 1253 140 1296 hic
171 1253 317 1309 potius
351 1268 481 1308 quam
504 1252 751 1295 Catholicos
774 1254 1014 1307 praestent,
1049 1252 1179 1295 nullis
1212 1252 1387 1295 interim
1420 1253 1571 1308 poenis
1605 1256 1650 1296 et
1683 1252 1877 1295 censuris

70 1319 394 1362 Ecclesiasticis
418 1318 630 1370 deterriti,
666 1318 870 1373 quoniam
903 1318 1003 1360 illae
1032 1333 1112 1361 nec
1135 1318 1425 1374 publicantur,
1460 1334 1540 1362 nec
1562 1320 1874 1375 ponderantur.

71 1386 165 1428 Nec
198 1388 266 1428 est
299 1400 404 1428 sane
438 1385 682 1440 quicquam,
718 1385 831 1440 quod
864 1399 933 1427 me
965 1384 1010 1427 in
1043 1384 1240 1440 collegijs
1265 1385 1533 1428 Germanicis
1566 1385 1707 1440 magis
1742 1386 1876 1427 offen-

70 1452 159 1503 dat,
181 1467 309 1506 quam
327 1451 570 1507 principum
582 1458 607 1502 ²¹,
628 1451 968 1505 magistratuum
981 1451 994 1471 '³
1018 1454 1084 1493 et⁰
1105 1451 1457 1494 Consiliariorum
1475 1452 1669 1507 peccatis
1686 1454 1874 1502 nostrOS,

71 1521 120 1561 ut
152 1532 318 1568 uereor,
354 1517 673 1560 communicare
697 1517 1008 1568 Confessarios,
1043 1517 1189 1559 nescio
1224 1533 1353 1572 quam
1386 1518 1552 1573 peritos
1586 1520 1630 1560 et
1653 1520 1793 1573 aptOS,
1830 1521 1877 1560 ut

71 1584 230 1627 idcirco
263 1583 454 1635 timeam,
488 1598 543 1626 ne
576 1598 678 1639 pars
712 1584 926 1638 quaedam
960 1583 1131 1626 diuinae
1164 1583 1483 1626 maledictionis
1517 1585 1570 1626 ab
1604 1583 1701 1626 istis
1724 1585 1876 1626 Eccle-

72 1650 276 1693 siasticae
321 1650 540 1693 libertatis
586 1650 916 1705 oppressoribus
962 1652 1094 1704 atque
1140 1650 1514 1706 contemptoribus
1562 1650 1605 1692 in
1651 1650 1877 1693 societatis

71 1719 250 1759 nostrae
283 1731 440 1772 corpus
472 1716 614 1771 magis
646 1715 874 1771 magisque
907 1716 1171 1759 deriuetur¹.
1223 1717 1416 1760 Laborat
1449 1720 1493 1759 et
1526 1717 1723 1771 grauiter
1756 1720 1876 1759 totus

72 1783 177 1825 ordo
202 1782 470 1834 clericorum,
495 1785 563 1825 tot
586 1782 810 1837 tantisque
834 1782 954 1837 uitijs
976 1782 1020 1824 in
1040 1783 1272 1825 Germania
1296 1786 1624 1838 conspurcatus,
1650 1786 1698 1825 ut
1720 1783 1875 1825 mirum

72 1848 209 1891 uideri
241 1849 392 1904 possit,
436 1851 529 1891 tam
560 1849 722 1891 multos
757 1849 897 1891 adhuc
930 1849 1177 1891 Catholicos
1219 1850 1298 1891 sub
1341 1849 1504 1891 talibus
1542 1850 1793 1905 pastoribus
1827 1865 1876 1892 ac

70 1915 282 1957 ministris
304 1914 468 1970 passim
492 1918 646 1957 extare
670 1917 802 1969 atque
826 1915 996 1966 durare,
1031 1915 1075 1957 in
1099 1915 1254 1970 quibus
1276 1917 1369 1958 tam
1396 1916 1511 1958 altas
1535 1916 1703 1958 radices
1726 1916 1878 1958 iecerit

71 1996 241 2023 summa
273 1996 418 2023 rerum
441 1981 685 2023 diuinarum
709 1984 754 2023 et
776 1981 1187 2024 Ecclesiasticarum
1210 1981 1473 2036 ignorantia,
1508 1982 1715 2024 horarum
1739 1982 1877 2025 Cano-

70 2047 266 2089 nicarum
300 2049 344 2089 et
378 2047 511 2089 diuini
545 2047 688 2089 cultus
722 2047 976 2101 quotidiana
1014 2047 1292 2098 intermissio,
1338 2062 1619 2090 censurarum
1654 2048 1877 2091 Ecclesiae

72 2113 296 2168 omnisque
330 2113 582 2168 disciplinae
615 2114 843 2168 neglectus
877 2117 921 2156 et
955 2116 1244 2170 contemptus,
1287 2114 1463 2157 assidua
1495 2115 1587 2157 fere
1621 2115 1801 2170 crapula
1835 2118 1879 2157 et

72 2179 312 2221 communis
345 2179 547 2230 ebrietas,
588 2180 742 2222 foedus
785 2182 829 2222 et
860 2180 1059 2235 publicus
1101 2180 1427 2231 concubinatus,
1469 2183 1647 2236 recepta
1680 2180 1875 2230 simonia,

74 2248 123 2288 ut
155 2245 347 2300 reliquas
379 2245 422 2288 id
455 2260 593 2300 genus
636 2246 908 2301 corruptelas
947 2246 1121 2301 impune
1154 2247 1411 2302 publiceque
1444 2246 1487 2288 in
1521 2247 1644 2289 Clero
1678 2247 1878 2301 uigentes

71 2311 437 2367 praetermittam.
489 2312 637 2362 Qualis
670 2312 784 2355 enim
816 2312 860 2354 in
895 2313 1128 2355 Germania
1159 2313 1357 2368 populus,
1392 2313 1495 2355 talis
1529 2328 1699 2367 quoque
1733 2328 1877 2355 sacer-

72 2377 162 2428 dos,
189 2377 303 2419 omni
326 2392 481 2433 nempe
504 2378 627 2420 luxui
650 2378 834 2429 deditus,
865 2381 909 2421 et
932 2380 986 2421 ad
1010 2379 1230 2422 carnalem
1253 2379 1474 2421 licentiam
1498 2394 1668 2421 omnem
1692 2381 1876 2421 effusus:

71 2443 174 2498 quia
216 2444 504 2487 commixti
542 2445 695 2487 inter
727 2460 864 2488 nouos
903 2445 1065 2489 filios
1098 2446 1304 2496 Belial,
1350 2445 1676 2488 didicerunt
1710 2460 1878 2501 opera

71 2510 307 2560 eorum2,
352 2510 491 2560 omnis
532 2510 619 2553 iam
660 2511 753 2553 fere
794 2511 884 2566 iugi
926 2511 1219 2567 impatientes,
1268 2515 1313 2555 et
1355 2512 1520 2554 coeci
1566 2527 1876 2554 coecorum

71 2575 290 2627 duces3,
335 2576 406 2631 qui
439 2577 752 2632 propemodum
785 2577 827 2620 id
861 2578 976 2632 quod
1007 2578 1127 2629 libet,
1163 2578 1297 2621 etiam
1330 2578 1411 2621 sibi
1443 2578 1574 2620 licere
1607 2578 1650 2620 in
1683 2593 1763 2620 sua
1794 2579 1877 2620 fide

71 2641 296 2684 Catholica
335 2642 619 2694 arbitrantur,
665 2646 709 2686 et
750 2646 930 2699 propter
973 2659 1081 2699 quos
1122 2659 1316 2687 nomen
1348 2644 1448 2686 Dei
1491 2647 1535 2687 et
1578 2659 1682 2687 uera
1725 2644 1876 2698 religio

70 2706 185 2750 inter
201 2708 447 2751 haereticos
466 2709 534 2751 uel
556 2709 747 2752 maxime
769 2710 970 2765 blasph
984 2711 1242 2753 ematur&
1279 2711 1471 2753 Laborat
1490 2710 1661 2752 demum
1680 2710 1876 2764 grauiter

70 2773 256 2828 populus
280 2774 575 2826 Germanicus,
606 2775 769 2830 partim
792 2776 1069 2819 sacerdotum
1093 2791 1269 2819 suorum
1292 2776 1413 2831 uitijs
1437 2777 1718 2818 uehementer
1742 2776 1875 2817 offen—

71 2854 157 2890 sus,
191 2839 353 2895 partim
386 2840 702 2883 imminentium
735 2842 1056 2884 haereticorum
1090 2842 1318 2885 uenenatis
1352 2841 1571 2884 erroribus
1604 2856 1689 2883 non
1722 2856 1876 2895 parum

192 2933 220 2963 a)
241 2935 382 2966 Sequitur
403 2934 444 2964 et,
464 2936 556 2961 oblitt.
634 2934 665 2966 b)
686 2935 902 2967 magistratum
922 2938 1033 2962 (trehet.
1106 2936 1132 2967 c)
1154 2938 1215 2962 Hoc
1235 2945 1260 2962 r.
1283 2945 1299 2960 ιι
1324 2939 1352 2961 ι’,
1375 2937 1511 2961 additum
1534 2939 1584 2960 est.

196 3035 205 3053 ¹
233 3035 266 3070 S.
293 3036 380 3070 Pius
407 3037 448 3071 V.
477 3039 599 3072 tamen
636 3050 667 3072 a.
696 3038 787 3072 1568
825 3038 1085 3072 constituerat:
1124 3038 1163 3072 In
1201 3037 1395 3072 Germania
1431 3037 1563 3078 laicos,
1602 3038 1661 3080 qui
1699 3038 1875 3072 ecclesiae

72 3088 252 3123 iuvandae
288 3102 399 3124 causa
435 3090 471 3124 in
508 3091 796 3125 iurisdictionem
833 3092 1121 3126 ecclesiasticam
1148 3104 1188 3125 se
1220 3092 1436 3136 ingererent.
1474 3103 1588 3135 poena
1625 3092 1874 3126 ecclesiastica

72 3153 143 3176 non
169 3143 284 3177 teneri
312 3147 348 3177 et
374 3155 395 3178 a
422 3145 656 3179 confessariis
683 3145 824 3179 absolvi
851 3157 977 3189 posse;
1006 3158 1040 3180 v.
1064 3146 1151 3180 Can.
1172 3146 1221 3179 VI
1252 3146 1329 3180 197.

195 3195 207 3214 ²
233 3197 283 3230 Dt
310 3198 365 3237 13,
395 3198 458 3239 13;
488 3198 552 3232 lud
582 3199 635 3239 19,
664 3200 729 3239 ‘2‘2;
760 3200 776 3232 1
798 3199 855 3243 Rg
882 3200 913 3239 ⁶2,
944 3200 987 3232 12
1015 3201 1099 3236 etc:
1130 3199 1177 3233 Ps
1205 3200 1284 3235 105.
1312 3199 1368 3233 35.

195 3248 207 3267 ³³
233 3250 289 3284 Mt
317 3251 370 3291 15,
402 3251 456 3285 14.
605 3251 618 3269 ⁴
646 3252 680 3286 Is
708 3253 763 3292 52,
792 3253 832 3293 5;
863 3252 952 3286 Rom
980 3254 1011 3292 2,
1041 3253 1096 3287 24.
