2073 3510
193 122 248 163 10
606 117 710 151 2091.
748 117 900 151 Ioannes
927 117 1143 151 Franciscus
1169 117 1390 152 Bonhomius
1418 117 1573 152 Canisio.

189 243 235 282 et
266 239 405 281 Nonis
439 237 603 293 Aprilis
636 238 780 288 datae,
824 241 1037 292 vtraeque
1077 241 1224 281 autem
1265 239 1370 281 mihi
1402 254 1488 281 vno
1521 239 1614 281 fere
1655 242 1852 294 tempore
1893 240 1990 283 red·
2044 271 2046 273 v

190 306 331 355 ditae;
365 306 431 347 De
465 303 746 347 Comitiorum
779 304 1251 359 Thermipolitanorum
1285 304 1406 347 exitu
1438 320 1525 347 non
1567 308 1655 354 est,
1700 306 1813 360 quod
1854 306 1991 350 multa

190 371 391 421 scribam,
439 370 612 425 quando
658 384 728 412 res
773 369 868 425 ipsa
914 370 1189 425 apertissime
1235 370 1447 421 ostendit,
1494 386 1649 426 parum
1693 371 1814 414 illum
1858 371 1992 415 fuisse
2045 398 2047 400 -

190 436 425 479 Catholicis
458 435 654 478 Dominis
687 435 1021 485 honorificum¹;
1058 436 1141 478 Sed
1176 436 1288 490 quod
1322 436 1444 491 peius
1478 439 1558 487 est,
1594 437 1916 480 Catholicorum
1949 440 1993 481 et

190 502 474 545 Dominorum
506 501 692 553 nomine,
734 517 998 556 quamquam
1030 517 1116 544 non
1150 502 1278 544 credo
1313 502 1583 545 authoritate
1617 500 1717 556 (non
1750 502 1863 545 enim
1895 502 1992 546 lite-

191 583 338 610 rarum
362 569 609 623 exemplum
632 566 735 622 vidi)
760 568 946 623 petitum
979 571 1047 610 est
1070 583 1095 610 a
1119 568 1402 610 Sanctissimo
1426 568 1611 610 Domino
1644 584 1774 622 quam
1805 568 1993 612 maxime

191 634 332 685 enixe,
368 637 417 677 vt
449 649 503 677 ne
526 650 594 677 me
618 635 804 690 amplius
834 634 877 676 in
900 634 1151 676 Heluetiam
1179 634 1320 676 redire
1344 633 1472 678 sinat.
1508 649 1605 676 cum
1637 634 1680 677 id
1713 649 1799 676 non
1832 636 1994 689 absque

189 701 425 743 manifesto
449 701 567 743 vitae
590 716 726 751 meae,
753 703 797 743 et
821 700 957 743 totius
975 700 1165 754 regionis
1185 701 1399 742 tumultus
1417 700 1608 755 periculo
1629 698 1741 754 [fieri
1759 698 1943 756 possit]³
1957 700 1993 751 ²;

191 767 359 810 scilicet
391 767 505 810 tanti
539 770 607 810 est
638 782 735 809 mea
768 767 898 817 mula,
934 769 983 809 vt
1015 766 1117 809 belli
1151 769 1364 809 terrorem
1391 781 1538 809 secum
1567 768 1746 817 afferat3
1791 766 1996 817 Quamuis
2056 806 2059 809 Α

192 836 339 876 autem
373 833 529 883 omnia,
566 847 849 888 quaecunque
883 847 937 875 ex
972 847 1021 875 eo
1045 832 1280 875 Bernensis
1304 832 1593 875 contumeliae
1622 833 1743 876 fonte
1766 833 1994 888 prodeunt,

190 899 295 942 mihi
328 899 517 941 maxime
559 899 796 941 honorifica
831 913 926 941 esse
960 898 1218 949 existimem,
1266 901 1315 941 vt
1347 902 1496 941 tamen
1529 913 1632 941 vere
1664 899 1822 950 fatear,
1867 913 1918 941 ea
1950 913 1997 941 re

191 965 386 1008 nonnihil
420 967 604 1008 affectus
638 980 745 1012 sum,
789 980 876 1007 non
909 979 1005 1007 mea
1050 965 1222 1019 quidem
1256 980 1401 1015 causa,
1447 964 1518 1019 qui
1552 964 1697 1020 potius
1741 979 1796 1007 ex
1829 979 1879 1007 eo
1911 979 1998 1007 non

191 1033 333 1074 leuem
375 1032 507 1074 animi
551 1031 893 1074 consolationem
937 1046 1093 1086 capere
1136 1031 1284 1081 debeo,
1329 1031 1405 1073 sed
1445 1031 1767 1074 Catholicorum
1805 1030 1997 1086 ipsorum

193 1113 338 1148 causa,
374 1097 447 1152 qui
481 1094 531 1151 (si
564 1100 713 1140 tamen
745 1097 787 1139 id
822 1112 970 1139 eorum
1003 1097 1175 1140 nomine
1205 1097 1415 1152 scriptum
1440 1094 1521 1151 est)
1544 1098 1626 1139 hac
1650 1097 1820 1140 ratione
1841 1096 1995 1152 magis,

193 1179 323 1219 quam
356 1164 400 1206 in
433 1163 630 1218 Comitijs
663 1163 768 1218 ipsis
802 1164 1043 1206 Bernatum
1075 1163 1213 1205 furori
1247 1163 1464 1214 assentiri,
1510 1178 1560 1206 ac
1593 1164 1757 1213 fauere,
1800 1165 1997 1218 praeter-

193 1246 323 1285 quam
367 1230 480 1284 quod
521 1230 687 1271 nullam
729 1229 1054 1271 reformationis
1097 1244 1246 1272 curam
1292 1229 1373 1271 sibi
1419 1244 1514 1271 esse
1559 1230 1640 1272 hoc
1686 1229 1811 1272 vnico
1858 1228 1998 1272 officio

192 1295 350 1338 testari
382 1295 658 1345 viderentur,
702 1295 912 1349 Quicquid
947 1295 1016 1345 sit,
1062 1295 1205 1337 onmia
1239 1295 1319 1337 Dei
1360 1295 1496 1350 ipsius
1537 1295 1663 1338 nutui
1705 1298 1749 1338 et
1782 1294 1999 1338 voluntati

194 1364 321 1405 tanta
356 1361 488 1404 animi
522 1361 680 1415 quiete,
716 1376 767 1403 ac
800 1361 1122 1415 tranquillitate
1146 1361 1353 1412 commisi,
1388 1364 1438 1403 vt
1461 1361 1663 1416 quicquid
1689 1361 1794 1403 mihi
1817 1376 1843 1404 a
1866 1362 1999 1404 Sanc-

193 1428 362 1471 tissimo
386 1427 602 1470 Domino3
633 1427 927 1478 mandabitur,
962 1427 1067 1470 illud
1102 1427 1183 1469 sim
1217 1427 1351 1470 alacri
1385 1427 1528 1470 animo
1559 1431 1844 1472 executurus:
1879 1427 2000 1478 Quod

195 1495 231 1538 si
264 1494 379 1537 illius
414 1494 636 1537 Sanctitas
671 1508 841 1536 omnem
875 1494 927 1536 de
969 1494 1110 1536 reditu
1154 1494 1197 1535 in
1230 1494 1482 1536 Heluetiam
1514 1508 1610 1536 meo
1644 1494 2000 1536 deliberationem

195 1561 376 1604 arbitrio
419 1575 515 1603 meo
557 1560 796 1614 reliquerit,
844 1575 925 1615 ego
968 1563 1116 1603 tamen
1158 1560 1420 1615 Friburgum
1462 1560 1670 1603 redeundi
1712 1574 1999 1620 nunquama

195 1627 461 1670 Bernatibus
495 1627 778 1669 securitatem
811 1630 972 1682 petam,
1017 1627 1059 1669 id
1095 1627 1207 1669 enim
1249 1627 1474 1681 indignum
1507 1627 1634 1669 nimis
1667 1626 1771 1668 mihi
1804 1628 2000 1668 futurum

194 1696 418 1750 putarem;
452 1694 548 1735 Hoc
581 1707 685 1735 vero
719 1696 841 1735 tuam
863 1693 1184 1736 Paternitatem
1217 1693 1328 1736 scire
1361 1693 1491 1738 volui.
1526 1696 1576 1736 vt
1608 1693 1643 1736 si
1676 1694 1791 1735 forte
1825 1692 2000 1735 Fribur-

196 1774 353 1815 genses
387 1759 560 1801 Domini
604 1759 841 1801 aduentum
882 1774 1026 1801 meum
1070 1759 1326 1815 cupiuerint,
1372 1760 1473 1814 quid
1506 1760 1625 1802 facto
1666 1774 1773 1814 opus
1806 1759 1876 1809 sit,
1920 1758 2002 1814 ipsi

196 1826 469 1880 intelligant:
505 1825 678 1868 Curiam
711 1829 909 1881 repetam
932 1827 1024 1868 Deo
1057 1828 1166 1869 bene
1199 1826 1391 1876 iuuante,
1427 1827 1481 1868 ad
1505 1825 1777 1868 Sanctissimi
1801 1824 2002 1881 Corporis

197 1892 369 1935 Domini
394 1892 629 1941 C0111itia⁴;
664 1891 728 1934 Ibi
761 1892 797 1934 si
832 1892 933 1946 quid
967 1907 1022 1934 ex
1055 1892 1194 1935 literis
1228 1892 1315 1935 tuis
1345 1907 1566 1948 accepero,
1603 1892 1716 1946 quod
1739 1906 1817 1947 per
1840 1890 2003 1934 Summi

319 1986 347 2015 a)
369 1989 449 2013 Jltwr'
472 1989 514 2012 rel
533 1988 646 2012 similia
668 1988 835 2018 supplenda
858 1996 917 2011 esse
941 1996 987 2012 res
1010 1989 1073 2019 ipa-n
1095 1989 1232 2013 ostendit.

323 2078 332 2097 ¹
362 2078 598 2112 Comitiorum
628 2078 772 2111 illorum
802 2077 947 2112 tabulae
975 2078 1064 2112 haec
1092 2078 1246 2113 habent:
1275 2078 1421 2123 Septem
1450 2079 1538 2113 locis
1563 2078 1753 2113 catholicis
1773 2091 1854 2113 cum
1873 2079 2004 2113 Berna-

199 2133 297 2167 tibus
325 2132 505 2168 convenit.
542 2135 582 2166 ut
609 2132 735 2166 arbitri
763 2133 1072 2166 constituerentur
1100 2133 1167 2166 Ioci
1195 2133 1382 2177 Tigurum,
1412 2132 1554 2171 Glarus,
1582 2133 1738 2171 Basilea,
1768 2132 2004 2177 Scaphusum,

200 2186 461 2221 Abbatiscella.
519 2186 587 2228 Qui
624 2189 853 2221 statuerunt:
893 2186 993 2228 Quod
1031 2187 1075 2221 ad
1112 2187 1300 2221 Bonhomii
1336 2200 1402 2231 per
1436 2188 1649 2222 Bernatium
1684 2188 1775 2221 fines
1811 2187 2005 2221 transitum

200 2241 383 2279 attineret,
421 2252 503 2274 eum
540 2241 821 2284 tranquillitatis
849 2243 885 2275 et
913 2241 1123 2275 concordiae
1152 2253 1260 2275 causa
1290 2241 1357 2275 loci
1388 2244 1529 2285 septem
1567 2242 1735 2276 catholici
1763 2242 2005 2281 hortarentur,

200 2307 244 2329 ne
281 2294 441 2338 reliquos
480 2294 575 2328 locos
615 2295 821 2329 lacesseret.
884 2294 946 2329 Sin
986 2298 1107 2329 autem
1148 2308 1229 2329 eum
1270 2296 1314 2330 ad
1353 2296 1488 2330 clerum
1529 2296 1797 2330 reformandum
1837 2295 1896 2331 vel
1935 2295 2006 2330 alia

202 2349 349 2392 negotia
387 2349 514 2392 gravia
543 2348 619 2381 loco
646 2349 768 2392 aliquo
796 2349 974 2383 catholico
1000 2350 1205 2393 peragenda
1234 2350 1365 2383 iterum
1400 2362 1465 2393 per
1490 2350 1701 2384 Bernatium
1735 2352 1825 2384 fines
1853 2350 2006 2384 transire

202 2405 395 2446 oporteret,
436 2403 534 2436 locus
562 2403 623 2436 ille
652 2403 861 2437 transeundi
891 2403 1074 2437 licentiam
1103 2415 1121 2437 a
1150 2404 1368 2438 Bernatibus
1393 2407 1535 2448 peteret
1562 2407 1599 2438 et
1625 2405 1792 2439 comitem
1821 2404 1889 2439 loci
1917 2404 2007 2439 colo-

203 2457 304 2490 ribus
333 2457 508 2490 vestitum
535 2456 567 2490 ei
596 2457 829 2501 adiungeret:
867 2457 1043 2491 Bel-nates
1072 2458 1105 2491 id
1133 2470 1201 2491 non
1230 2459 1482 2502 denegaturos,
1517 2458 1625 2492 immo
1652 2459 1823 2502 populum
1851 2458 2006 2493 admoni-

203 2513 304 2544 turos
323 2522 414 2547 esse..
444 2513 483 2544 ut
501 2522 582 2544 eum
610 2523 776 2545 securum
806 2512 1094 2555 incolumemque
1115 2513 1269 2546 transire
1292 2515 1488 2556 pateretur.
1531 2512 1730 2550 Pontificis‚
1759 2513 2006 2554 cardinalium,

204 2564 357 2598 aliorum
383 2564 587 2608 principum
617 2565 748 2609 legatis
776 2566 981 2602 transitum,
1009 2566 1106 2599 sieut
1125 2568 1230 2600 antea
1260 2567 1402 2603 fuisset,
1430 2567 1481 2601 ita
1501 2567 1537 2600 111
1557 2569 1741 2610 posterum
1770 2579 1912 2610 quoquc
1932 2568 2007 2601 fore

207 2619 357 2652 liberum
394 2621 432 2652 et
466 2631 654 2654 securum:
694 2619 791 2662 ipsos
827 2622 949 2653 autem
987 2620 1171 2653 commode
1207 2620 1447 2664 agleitlich*
1477 2633 1516 2654 se
1553 2633 1678 2664 gerere
1715 2621 1855 2656 debere.
1908 2621 2007 2655 Haec

205 2672 349 2716 utrique
376 2673 470 2716 parti
498 2673 713 2716 placuerunt
747 2674 898 2716 glo-sali,
928 2673 1076 2717 Eidgen.
1098 2674 1300 2708 Abschiede
1332 2673 1402 2708 IV²
1430 2675 1638 2711 733ffl7342
1671 2676 1716 2709 cf.
1744 2675 1854 2709 etiam
1882 2675 2011 2718 sslayer

209 2727 220 2760 l
248 2727 337 2762 285:
367 2728 484 2760 Iv'ellw·
513 2728 539 2760 II
572 2727 661 2761 1453.

328 2780 340 2798 ²¹
368 2781 470 2818 Vide,
500 2792 591 2824 quae
619 2781 685 2814 sul)
713 2781 812 2825 ipsas
839 2781 905 2815 has
934 2781 1076 2815 litteras
1104 2782 1278 2816 dicentur.
1429 2782 1441 2800 ³
1469 2781 1642 2826 Gregorio
1671 2783 1768 2817 XIII.

328 2833 340 2852 ⁴
369 2834 473 2869 Circa
501 2835 593 2869 hanc
620 2836 893 2869 sollennitatem
919 2837 988 2877 125).
1011 2836 1110 2870 Maii>
1138 2836 1310 2870 (ἐι-1501195
1340 2836 1737 2877 r„(lotteshauslmnffl)
1765 2837 1894 2871 Curiae
1920 2837 2009 2872 Rae-

207 2888 338 2922 tiorum
365 2888 488 2925 mlum-*u
515 2892 733 2923 conventum
760 2889 919 2923 habituri
947 2892 1060 2924 erant.
1106 2890 1189 2926 Liti.
1218 2902 1309 2933 quae
1339 2890 1383 2924 iis,
1411 2902 1490 2924 cum
1519 2891 1631 2925 Beato
1659 2903 1677 2925 a
1707 2891 1815 2925 Porta
1843 2891 2010 2935 episcopo

207 2942 364 2976 curiensi
392 2946 480 2983 erat,
510 2944 775 2987 mnnponendae
803 2944 1024 2979 Bonllomius
1055 2944 1124 2978 iam
1152 2944 1306 2978 multum
1335 2956 1463 2988 operae
1493 2945 1727 2988 impenderat.
1773 2946 1861 2979 Cum
1889 2947 2010 2980 autem

208 2996 344 3030 Beatus
372 2997 441 3030 iam
469 2998 581 3031 semel
619 3001 728 3041 atque
766 2998 896 3032 iterum
925 2999 1174 3042 episcopatum
1207 2999 1423 3034 abdicasset.
1461 3011 1577 3033 novus
1604 2999 1795 3043 episcopus
1822 2999 2011 3044 eligendus

208 3054 296 3085 erat.
339 3051 402 3084 Cui
431 3051 598 3085 electioni
619 3052 840 3086 Bonhomius
860 3053 1035 3087 interesse
1056 3052 1203 3086 volebat
1228 3054 1328 3093 nsaw.
1349 3054 1522 3095 Bumins,
1554 3054 1598 3088 Io.
1619 3053 1801 3087 Francisci
1823 3052 2010 3087 Bonhomii

209 3104 424 3141 Borromeis,
445 3105 639 3139 Mediolani
663 3107 764 3146 1589,
787 3108 853 3140 102
879 3107 994 3147 Π104ς
1020 3108 1150 3149 Maym·
1170 3107 1178 3140 I
1201 3107 1270 3141 *248
1299 3107 1391 3140 7249
1410 3107 1600 3141 ‘lb'fij'l-SO
1618 3107 1718 3141 ‘285m
1739 3108 1828 3142 2861
1861 3108 2014 3140 Themer

215 3158 258 3191 III
289 3158 334 3191 >19
362 3159 407 3191 ¹50
439 3160 502 3192 1⁴35»
559 3161 646 3193 1137:

2058 1013 2073 1349 ξ

2064 1450 2073 1612 ,,--,.-
2066 1405 2071 1447 ,ψ
2064 1355 2071 1387 -..<
