2073 3510
161 234 247 276 326
455 231 560 266 2287.
590 230 764 265 Claudius
792 230 987 275 Aquaviva
1014 231 1170 266 Canisio.
1210 231 1325 266 Roma
1353 233 1409 267 13.
1429 232 1553 267 Martii
1583 233 1686 268 1591.

160 354 268 396 duos
310 357 459 396 tresue
502 352 703 403 menseis,
747 351 992 395 mirabilem
1033 353 1422 409 metamorphosim
1464 368 1635 409 passus,
1679 354 1723 396 in
1756 354 1870 398 rictu
1889 353 1974 410 [Ρ]ἱι

160 419 284 470 oculi,
320 419 525 474 loquendi
555 433 606 461 ac
640 418 827 470 uidendi,
862 418 1061 474 inprimis
1094 433 1198 462 uero
1225 419 1462 462 memoriae
1496 435 1621 463 usum
1653 420 1717 463 ita
1750 421 1972 475 amiserat,

161 488 209 528 ut
251 486 303 528 de
346 486 498 528 eodem
542 488 689 528 actum
732 500 828 528 esse
871 485 1201 537 arbitraremur,
1246 486 1323 528 sed
1355 486 1569 541 paulatim
1612 501 1709 530 sese
1742 488 1973 543 recolligit,

160 567 411 607 quanquam
444 566 599 595 uerear
633 555 682 595 ut
716 567 907 607 unquam
941 552 1083 595 officio
1117 568 1195 595 suo
1218 552 1343 607 fungj
1368 552 1520 608 possit.
1569 553 1750 596 Vtinam
1774 551 1869 608 [ne]
1882 555 1896 575 ὓ
1914 552 1974 609 [³]

161 623 454 671 θορυβοποῑος
497 618 673 673 quidam
706 619 907 662 minister
939 619 1055 661 illius
1089 619 1207 661 uices
1242 619 1395 662 obiret.
1456 620 1541 662 Sed
1575 621 1721 663 Deus
1753 623 1974 676 patrum

159 686 511 728 nostroruml
559 686 681 737 uiuit,
730 686 801 741 qui
847 689 1005 742 potens
1051 689 1119 729 est
1165 701 1251 728 una
1297 700 1413 728 cum
1458 686 1789 730 tentatione
1835 688 1975 732 dare

159 755 496 807 prouentum
510 754 537 795 ²¹.
589 753 709 795 Idem
744 753 1017 795 uenerabiles
1050 756 1150 795 tuos
1179 767 1312 795 canos
1336 755 1384 795 ut
1408 752 1580 807 aquilae
1615 753 1977 798 reinnouescere3

160 819 309 871 faciat,
346 820 556 862 Salodoro
589 819 895 863 Heluetiorum
932 822 986 863 10
1019 819 1088 862 die
1120 819 1270 874 Martij
1309 821 1451 862 .1591.

283 893 511 935 Salutetur
543 893 717 935 nomine
750 908 846 935 meo
881 907 1012 947 quam
1046 891 1363 935 officiosissime
1397 893 1447 934 D.
1485 892 1743 935 Schneulius
1770 893 1975 950 Episcopi

162 959 482 1002 Laussanensis
516 959 718 1002 Vicarius
753 962 834 1002 etc.

966 1020 1015 1062 R.
1042 1020 1093 1061 V.
1120 1020 1165 1062 P.

1417 1080 1833 1123 obseruantissimus

1398 1148 1465 1189 Jo.
1501 1147 1594 1189 Jac.
1631 1162 1671 1189 V.
1708 1147 1844 1190 Staal.

282 1230 338 1264 Ex
365 1230 488 1265 verbis
524 1230 733 1275 apographo
770 1230 879 1264 huius
915 1230 1096 1273 epistulae
1123 1229 1168 1264 ab
1196 1230 1275 1274 ipso
1303 1229 1440 1264 Staalio
1468 1230 1698 1274 subscriptis,
1737 1241 1831 1273 quae
1867 1242 1976 1275 supra

161 1286 246 1318 sunt
272 1285 402 1328 posita,
432 1285 596 1319 conicere
624 1285 721 1325 licet,
751 1284 931 1319 Staalium
959 1284 1105 1319 Canisio
1142 1284 1338 1328 epistulam
1366 1284 1513 1319 misisse
1540 1283 1756 1328 interposita
1789 1297 1898 1329 opera
1925 1285 1976 1320 Io-

163 1338 243 1373 doci
271 1339 413 1382 Pfyffer
438 1340 584 1384 patricii
613 1342 649 1374 et
676 1340 838 1374 consulis
866 1340 1104 1374 lucernensis.

287 1399 457 1434 Canisius
484 1400 622 1435 Staalio
650 1400 838 1444 respondit
865 1400 921 1435 24.
942 1400 1067 1434 Martii
1098 1400 1200 1434 1591.

163 1508 322 1544 2287.
449 1508 776 1544 CLAUDIUS
804 1509 1134 1552 AQUAVIVA
1179 1510 1409 1554 praepositus
1450 1509 1633 1554 generalis
1664 1509 1859 1544 societatis
1895 1510 1976 1544 Iesu

362 1569 565 1604 CANISIO.
1450 1570 1565 1604 Roma
1593 1571 1648 1605 13.
1669 1570 1795 1605 Martii
1823 1571 1927 1605 1591.

286 1636 341 1669 Ex
370 1636 630 1670 commentario
658 1636 711 1670 sic
739 1636 934 1680 inscripto:
969 1636 1156 1681 ..Friburgi
1180 1637 1218 1671 P.
1240 1637 1347 1671 Petro
1371 1636 1548 1671 Canisi0.‘
1593 1636 1634 1671 G.
1655 1636 1739 1680 Sup.
1760 1637 1781 1671 2
1808 1637 1833 1672 f.
1854 1638 1928 1672 62¹¹.

287 1697 434 1739 Colleyit'
453 1700 691 1740 prosperitas.
730 1697 866 1731 Hector.
903 1697 1131 1731 Precatsmzes
1152 1708 1223 1740 pro
1244 1698 1414 1731 Helvetia.
1451 1698 1490 1731 l).
1512 1698 1637 1730 Alheri
1655 1700 1833 1731 contiones
1853 1702 1976 1731 contra

163 1751 220 1783 Na
227 1762 405 1785 rarraeos.

286 1825 449 1867 Gratae
482 1824 599 1875 mihi,
636 1828 684 1867 ut
717 1839 901 1881 semper.
936 1826 1059 1868 fuere
1092 1824 1385 1868 Reuerentiae
1412 1826 1463 1867 V.
1500 1825 1676 1868 litterae
1710 1840 1819 1880 quas
1852 1825 1975 1868 initio

162 1891 290 1933 huius
324 1891 425 1933 anni
459 1891 698 1947 scripserat
731 1892 784 1934 de
818 1892 1010 1946 Collegio
1043 1892 1142 1942 isto,
1179 1906 1290 1947 quae
1323 1894 1473 1934 tamen
1506 1892 1560 1934 ad
1593 1906 1673 1934 nos
1705 1892 1877 1935 nonnisi
1910 1892 1977 1935 his

163 1957 315 2000 diebus
348 1961 656 2013 peruenerunt.
707 1958 880 2001 Placuit
914 1961 1062 2001 autem
1096 1959 1211 2013 quod
1245 1958 1389 2001 onmia
1432 1973 1529 2001 cum
1563 1958 1642 2001 Dei
1677 1958 1824 2013 gratia
1857 1962 1977 2002 recte

164 2024 473 2079 procederent,
518 2027 563 2067 et
604 2025 649 2067 P.
696 2025 884 2067 Rector¹
930 2025 1169 2080 prudenter
1211 2024 1354 2067 officio
1397 2040 1474 2067 suo
1517 2025 1790 2080 fungeretur.
1856 2026 1977 2076 Quod

165 2105 268 2133 uero
281 2099 292 2111 ⁰
325 2093 600 2147 proponebat
632 2106 686 2134 ne
720 2091 863 2134 officio
896 2091 982 2134 isto
1016 2094 1296 2134 amoueretur
1337 2095 1431 2134 tum
1465 2093 1519 2134 ob
1553 2091 1652 2142 3113,
1696 2094 1791 2134 tum
1824 2093 1877 2134 ob
1910 2092 1977 2134 fa-

163 2157 329 2200 bricam
371 2157 702 2213 perficiendam‚
747 2160 866 2200 certe
908 2157 995 2199 iam
1038 2160 1212 2213 tempus
1255 2160 1351 2200 erat
1394 2157 1657 2200 concedendi
1703 2157 1741 2201 ei
1787 2158 1978 2213 aliquam

165 2223 356 2278 quietem
388 2227 490 2279 post
522 2227 590 2267 tot
624 2239 783 2274 annos;
818 2224 941 2278 isque
974 2223 1067 2279 ipse
1092 2224 1374 2267 uehementer
1397 2238 1502 2266 sane
1534 2224 1577 2266 id
1611 2238 1636 2266 a
1669 2224 1794 2267 nobis
1826 2227 1978 2280 postu-

164 2290 293 2332 larat.
330 2290 473 2341 Quare
492 2290 783 2345 cogitabimus
802 2290 904 2345 quid
927 2290 982 2333 ad
1000 2290 1209 2332 maiorem
1227 2290 1308 2333 Dei
1332 2290 1517 2345 gloriam
1541 2290 1738 2333 futurum
1762 2290 1976 2340 uideatur,

166 2355 294 2410 idque
329 2371 425 2398 cum
460 2356 539 2399 Dei
552 2358 566 2377 ‘¹
599 2357 745 2411 gratia
779 2372 1058 2411 exequemur.

287 2422 490 2464 Ceterum
525 2423 639 2477 quod
673 2424 728 2465 ad
768 2426 935 2466 statum
967 2423 1202 2466 Heluetiae
1242 2423 1417 2475 attinet,
1463 2438 1590 2478 quem
1624 2423 1891 2466 Reuerentia
1923 2424 1975 2466 V.

166 2488 259 2529 Deo
292 2487 494 2543 precibus
528 2489 822 2532 commendari
856 2489 1072 2545 cupiebat,
1119 2489 1331 2532 faciemus
1364 2489 1406 2532 id
1441 2489 1615 2544 quidem
1647 2492 1828 2546 propter
1861 2504 1977 2532 com·

166 2568 295 2596 mune
327 2555 501 2605 bonum⁷
547 2556 661 2610 quod
695 2570 791 2598 cum
832 2570 881 2598 eo
922 2555 1200 2598 coniunctum
1234 2558 1314 2598 est.
1366 2557 1585 2599 Debemus
1618 2558 1766 2599 autem
1799 2570 1978 2612 sperare

167 2618 211 2661 in
237 2619 411 2662 Domini
443 2621 655 2672 bonitate,
691 2621 763 2676 qui
798 2621 942 2665 onmia
975 2621 1136 2676 diriget
1169 2622 1223 2664 ad
1257 2637 1381 2664 suam
1414 2622 1623 2665 maiorem
1657 2622 1855 2676 gloriam.

289 2693 410 2742 Quod
445 2696 593 2736 autem
626 2695 837 2736 narrabat
870 2694 923 2736 de
955 2694 1088 2736 Patre
1112 2694 1374 2736 Prouinciali
1408 2709 1494 2736 non
1528 2694 1677 2738 dubito
1712 2695 1814 2749 quin
1847 2695 1889 2738 id
1923 2710 1978 2738 ex

168 2758 260 2800 zelo
293 2758 491 2808 fece1·it⁵''.
528 2762 572 2802 et
605 2774 788 2815 sperans
812 2759 945 2802 etiam
969 2775 1015 2802 se
1039 2759 1202 2814 aliquid
1226 2760 1548 2815 profecturum;
1583 2760 1619 2802 si
1653 2764 1801 2804 tamen
1834 2762 1978 2804 nullus

169 2827 237 2866 est
270 2824 405 2867 alius*
438 2826 608 2868 fructus
642 2841 771 2881 quam
806 2825 1068 2871 offensionis,
1105 2826 1196 2868 sine
1230 2826 1359 2868 dubio
1392 2826 1546 2868 melius
1580 2830 1647 2869 est
1681 2826 1914 2869 abstinere.

244 2957 249 2966 Ι
289 2925 318 2951 a)
339 2927 405 2955 Nic:
428 2928 575 2951 rulehnrne
596 2929 743 2953 srrihere:
765 2927 825 2952 ictu
839 2930 851 2952 Υ
913 2926 942 2957 b)
964 2928 1068 2952 Nem-io
1088 2936 1127 2951 an
1149 2928 1200 2951 hm·
1223 2928 1523 2959 1⁸.supplet.·‹ln1)1sir.
1560 2929 1701 2952 Vncabulo
1721 2929 1798 2952 euim
1825 2925 1978 2965 θορυβο-

169 2967 286 2997 ΤῐΟῑΟς,
307 2969 382 2999 qum!
403 2970 548 3000 sequitur,
568 2970 734 3001 ,ςίῃηῐίίσῐινῐ
761 2971 832 2993 mule!
854 2970 936 2993 Imma
957 2970 1145 2993 turbulentus
1168 2970 1210 2993 vel
1230 2970 1400 2994 sedivinsns.
1515 2968 1541 2993 v)
1569 2971 1616 2994 Sic
1642 2971 1671 2993 in
1694 2978 1793 2995 comm.
1817 2973 1967 2994 ror-rernm

169 3012 210 3033 esc
232 3018 268 3033 {nr
288 3011 409 3039 antem,-
430 3012 566 3043 sequitur
587 3019 782 3044 magnopore.
804 3013 895 3036 mmm.
977 3011 1008 3039 d)
1029 3011 1055 3036 oi
1078 3020 1177 3037 comm.
1255 3010 1282 3036 1-1
1305 3012 1365 3036 Ilm·
1387 3020 1410 3036 Γ,
1433 3020 1526 3043 supra
1551 3020 1664 3036 versum
1686 3012 1830 3044 scriptum
1852 3015 1902 3037 esf.

295 3125 301 3142 ¹
332 3125 381 3159 Dt
408 3127 464 3165 2⁴3,
494 3127 533 3166 73
567 3127 580 3159 1
615 3126 684 3160 l'ar
706 3127 758 3160 12.
790 3127 851 3162 17:
883 3126 1068 3163 mun-14,
1099 3127 1138 3160 7:
1168 3128 1223 3160 20.
1252 3127 1294 3166 437.
1322 3125 1398 3159 Tob
1417 3127 1449 3166 53,
1480 3128 1543 3166 1:37,
1572 3127 1603 3161 8.
1634 3127 1672 3160 T:
1702 3126 1757 3160 Du
1783 3128 1814 3163 2,
1843 3127 1888 3161 23
1907 3129 1975 3160 etc.

292 3179 304 3196 ²
334 3180 346 3213 1
380 3180 449 3213 Cor
478 3181 531 3220 10,
563 3181 615 3215 13.
767 3181 779 3197 ²²
806 3181 860 3215 Cf.
881 3180 929 3215 Ps
959 3182 1036 3217 10⁵2.
1065 3182 1096 3215 ·.'›.
1233 3181 1244 3198 ⁴
1274 3181 1403 3214 Petrus
1431 3180 1598 3215 Michacl.

293 3231 306 3250 ⁵
332 3232 580 3267 Fcrdinandus
608 3234 720 3268 Alber
746 3234 912 3278 Friburgi
950 3246 980 3268 a.
1007 3235 1095 3268 1589
1123 3237 1159 3268 et
1191 3235 1280 3268 1:390
1316 3247 1334 3268 υ
1361 3246 1464 3268 sacro
1491 3237 1670 3279 suggestu
1703 3233 1972 3273 ‚Navarraeos“

173 3286 465 3330 vituperaverat:
496 3301 528 3322 v.
549 3300 659 3331 supra
686 3300 718 3331 p.
739 3289 818 3322 319.
