2073 3510
178 217 264 258 298
740 213 845 247 2264.
878 213 1027 247 [oannes
1055 213 1236 247 Pistorius
1264 213 1420 248 Canisio.

176 338 323 378 autem
358 334 562 377 imbecilli
586 350 690 377 sene
714 338 888 378 tantum
911 336 1050 378 habeo
1074 335 1282 391 polliceri,
1319 339 1529 390 quantum
1555 337 1726 391 gratiae
1756 340 1801 381 et
1834 338 1991 381 virium

177 401 337 444 Divina
369 401 545 444 bonitas
578 401 688 444 satis
721 401 930 457 impedito
965 402 1188 457 Theologo
1222 402 1474 457 elargietur.
1522 403 1633 445 Vide
1666 403 1853 455 interim⁷
1890 405 1990 447 doc·
2045 402 2047 408 ⁴

176 468 345 510 tissime
380 470 424 511 et
458 468 719 511 amicissime
752 468 832 518 vir,
881 471 929 511 ut
963 483 1061 510 cuin
1094 468 1351 511 charissima
1395 469 1580 524 conjuge
1615 472 1659 512 et
1691 469 1839 513 liberis
1872 473 1991 514 recte

177 535 329 577 valeas
362 534 597 588 navimque
629 535 919 577 fluctuantem
960 534 1005 576 in
1046 534 1156 576 mari
1197 537 1497 590 tempestuoso
1531 550 1609 590 pro
1649 538 1726 578 tua
1759 536 1990 591 prudentia
2047 584 2048 587 Ἴ

176 601 355 656 dirigas.
406 602 500 644 Nos
532 601 827 644 immortalem
851 602 991 643 Deum
1025 616 1079 643 ex
1104 600 1249 643 animo
1272 615 1516 656 precamur,
1552 604 1601 644 ut
1625 602 1815 644 Gallicos
1848 605 1992 645 motus
2048 650 2049 658 ¹

176 670 412 723 componat
455 671 499 711 et
541 683 724 723 regnum
767 671 859 710 tam
901 667 1045 709 nobile
1084 667 1270 722 pristino
1311 667 1407 709 loco
1450 667 1700 711 restituatl.
1766 669 1992 724 praeclare
2046 663 2049 689 ³

176 734 335 776 feceris
378 734 414 776 si
457 734 715 790 Magnificos
759 733 969 776 Dominos
1013 733 1402 784 Solotlnunenses,
1452 734 1607 788 quibus
1649 734 1794 777 felicia
1839 750 1994 790 precor

177 800 344 851 01111113,
401 804 656 844 reverenter
705 816 759 843 ex
808 814 877 842 me
931 799 1152 842 salutaris.
1224 800 1389 842 Datum
1438 800 1639 856 Friburgi
1689 801 1994 844 Helvetiorum

178 868 301 909 XXV
333 868 526 910 Ianuarii
563 869 658 910 159(
669 874 689 909 1.

299 952 550 995 Clarissimo
584 952 678 994 viro
712 951 898 994 Domino
932 950 1083 993 Ioanni
1124 951 1282 993 Iacobo
1317 966 1341 993 a
1376 951 1499 994 Staal
1532 952 1720 995 Patritio
1761 955 1805 995 et
1839 953 1994 995 Archi·
2050 958 2053 990 '1

177 1018 348 1061 scribae
383 1018 673 1067 Solodorensi,
710 1017 849 1060 amico
883 1017 1108 1072 singulari.

179 1145 338 1180 2264.
440 1144 721 1179 IOANNES
749 1142 1129 1186 PISTORIUS,
1166 1143 1286 1178 iacobi
1318 1143 1539 1178 marchionis
1566 1144 1737 1179 badensis
1765 1145 1996 1179 consiliarius

373 1199 535 1239 intimus,
565 1198 768 1233 CANISIO.
1124 1197 1301 1242 Friburgo
1328 1197 1545 1242 Brisgoviae
1572 1199 1604 1233 3.
1625 1198 1814 1233 Februarii
1844 1200 1946 1234 1590.

301 1272 355 1305 Ex
393 1271 551 1316 imagine
588 1270 878 1315 photographica
914 1270 1115 1314 apographi
1152 1270 1315 1304 eiusdem
1352 1271 1537 1314 temporis,
1577 1271 1671 1314 quod
1699 1274 1756 1306 est
1783 1271 1819 1305 in
1847 1271 1995 1306 archivo

178 1326 359 1365 vaticano,
390 1326 473 1360 Cod.
506 1326 640 1367 „Nunz.
662 1325 696 1359 di
725 1324 841 1359 Svizz.
870 1324 911 1359 3⁴⁵
944 1324 967 1359 f.
989 1325 1045 1365 69,
1074 1327 1111 1358 et
1136 1324 1229 1359 hanc
1257 1324 1367 1359 habet
1394 1325 1669 1369 inscriptionem
1696 1337 1806 1360 manu
1834 1326 1996 1360 eiusdem

179 1380 317 1414 librarii
355 1380 511 1414 factam:
554 1379 794 1423 „Exemplum
832 1379 1037 1413 litterarum
1068 1378 1238 1413 Doctoris
1266 1378 1414 1422 Pistorij
1444 1379 1506 1424 HJ.
1533 1379 1720 1423 Februarij
1749 1379 1993 1414 MDLXXXX

177 1434 347 1469 datarum
382 1433 549 1478 Friburgi
588 1433 798 1468 Briscouiae
836 1433 880 1468 ad
914 1432 1060 1467 Patrem
1099 1432 1286 1467 Canisium
1323 1432 1660 1468 Societatisles11.²
1717 1433 1923 1477 Epistulam
1952 1444 1996 1468 ex

177 1489 305 1523 eodem
334 1489 543 1533 apographo
571 1488 685 1522 edidit
714 1489 857 1522 Friedr.
886 1499 947 1521 ron
978 1489 1095 1521 Weerh
1128 1487 1164 1521 in
1196 1487 1428 1527 *zeitschrift
1454 1488 1514 1522 fiir
1541 1487 1761 1523 (‘}escl1i011te
1797 1488 1861 1523 des
1888 1488 1996 1522 Ober-

180 1542 340 1583 1·heins“,
369 1543 470 1577 Neue
498 1542 621 1587 Folge‚
649 1542 713 1577 Bd.
735 1542 814 1579 Vll,
844 1541 1022 1586 Freiburg
1049 1542 1070 1576 i.
1092 1542 1149 1576 Br.
1180 1542 1283 1582 1892,
1312 1543 1514 1576 671ss6722.

302 1612 608 1649 l'l·a‹¹faliuncula
659 1611 837 1648 editoris:
890 1615 1042 1649 Ioannes
1087 1614 1267 1649 Pistorius
1316 1614 1472 1656 ⁷‚iunior“
1519 1614 1807 1655 [lsi-llisslssOS‘),
1858 1615 1997 1649 Niddae

178 1670 322 1710 iNidda)
358 1670 393 1704 in
428 1670 562 1704 Hassia
598 1672 700 1704 ortus
735 1682 781 1704 ex
813 1670 946 1704 Ioanne
983 1670 1140 1704 Pistorio
1181 1669 1377 1711 „seniore“,
1416 1670 1477 1714 qui
1513 1682 1559 1704 ex
1594 1670 1782 1705 sacerdote
1820 1670 1998 1705 catholico

177 1725 483 1769 superintendens
504 1725 720 1759 lutheranus
739 1727 776 1759 et
802 1724 1074 1758 lutheranorum
1103 1725 1354 1769 theologorum
1374 1725 1447 1758 dux
1468 1724 1614 1768 quidam
1634 1727 1670 1759 et
1689 1727 1798 1769 caput
1817 1727 1996 1761 evaserat.

179 1791 261 1813 cum
289 1779 477 1824 Marburgi
514 1782 551 1813 et
578 1779 839 1824 Vitembergae
876 1778 1082 1823 theologiae
1110 1778 1411 1816 Lutheranorum.
1444 1779 1524 1820 iuri,
1552 1779 1754 1813 medicinae
1780 1779 1995 1819 studuisset,

180 1845 210 1867 3.
233 1834 324 1867 15ῖῦ
352 1845 373 1867 3
401 1833 528 1868 (131010
556 1834 600 1868 ll.
621 1833 829 1868 marchione
862 1833 1223 1867 badello-durlacensi
1258 1833 1421 1867 medicus
1449 1836 1485 1867 et
1511 1833 1829 1877 historiographus
1856 1833 1997 1867 aulicus

181 1888 403 1921 constitutus
441 1890 507 1922 est.
562 1888 664 1922 Anno
706 1888 797 1922 1584
833 1900 853 1922 a
884 1888 1013 1922 lacobo
1051 1888 1113 1922 111.
1142 1887 1350 1922 marchione
1387 1887 1807 1932 badeno—hochbergensi
1845 1887 1995 1929 {Baden-

182 1941 375 1986 Hochberg
393 1941 472 1976 sive
492 1942 852 1986 Baden-Hachbergl,
882 1942 1001 1976 Caroli
1021 1942 1107 1978 filio.
1137 1942 1367 1977 consiliarius
1387 1942 1537 1976 intimus
1557 1941 1689 1982 factus,
1710 1941 1996 1986 Emmendingae

180 1995 493 2040 qumendingem
512 1996 636 2030 sedem
655 1996 823 2033 habebat,
853 2008 933 2030 cum
954 1996 1025 2030 iam
1045 1996 1172 2031 multis
1191 1996 1296 2031 3111115
1315 1999 1399 2030 ante
1419 2008 1439 2030 3
1458 1995 1678 2030 Lutheranis
1697 1995 1742 2030 ad
1762 1995 1997 2030 Calvinianos

180 2049 384 2085 transisset.
438 2050 487 2084 At
523 2050 812 2094 111-010513111151111
840 2050 1005 2085 vanitate
1041 2050 1233 2095 paullatim
1270 2050 1459 2085 intellecta
1495 2050 1694 2093 multisque
1723 2049 1832 2083 animi
1862 2049 1996 2084 crucia-

179 2104 278 2138 tibus
308 2104 491 2148 superatis
527 2105 683 2148 primum
712 2116 742 2139 a.
766 2105 856 2139 1587
886 2104 1031 2139 Canisio
1059 2105 1149 2139 duce
1176 2110 1223 2146 [V.
1244 2104 1350 2143 infra,
1379 2116 1472 2138 mon.
1496 2104 1600 2145 1445>
1628 2104 1721 2138 clam
1748 2103 1996 2148 privatimque

180 2159 346 2203 Friburgi
375 2159 641 2199 Helvetiorum,
671 2159 800 2193 deinde
829 2171 859 2194 a.
882 2160 973 2194 1588
1000 2159 1122 2203 palam
1141 2159 1267 2203 Spirae
1294 2159 1402 2193 fidem
1431 2158 1650 2193 catholicam
1677 2158 1870 2202 amplexus
1898 2161 1934 2192 et
1960 2158 1996 2192 in

180 2213 373 2248 ecclesiam
400 2216 570 2258 receptus
597 2216 663 2248 est.
711 2213 861 2247 lnterim
889 2214 1050 2248 marchio
1079 2226 1221 2257 quoque
1241 2213 1404 2254 lacobus,
1432 2213 1491 2247 vir
1517 2212 1612 2247 acris
1640 2212 1776 2257 ingenii
1803 2215 1840 2247 et
1858 2212 1995 2246 multae

181 2267 358 2308 lectionis,
393 2268 435 2302 de
461 2268 745 2312 protestantium
774 2268 949 2302 doctrinis
977 2268 1142 2302 dubitare
1171 2270 1349 2312 coeperat.
1395 2268 1592 2312 Propterea
1620 2280 1665 2302 m.
1686 2266 1883 2301 Novembri
1904 2267 1996 2301 1589

182 2321 348 2356 Badenae
375 2321 666 2362 &Baden-Badenl
694 2334 814 2356 coram
843 2334 884 2356 eo
912 2322 1064 2356 lacobus
1091 2323 1267 2358 Andreae.
1298 2334 1405 2366 quem
1433 2321 1719 2356 Schmidelinum
1747 2333 1878 2355 vocare
1905 2321 1995 2355 sole-

180 2376 278 2416 bant,
307 2379 343 2410 et
370 2376 523 2410 Iacobus
550 2376 762 2411 Heerbrand
795 2389 875 2411 cum
904 2376 1061 2411 Pistorio
1089 2379 1125 2410 et
1152 2376 1338 2411 Theodoro
1366 2377 1507 2411 Busaeo
1536 2376 1568 2411 S.
1589 2377 1621 2411 J.
1652 2376 1694 2409 de
1723 2375 1898 2420 religione
1926 2375 1995 2410 dis-

182 2432 309 2473 putare
335 2433 542 2474 coeperunt.
584 2430 765 2465 Pistorius
785 2431 1016 2465 adversarios
1036 2431 1071 2465 in
1100 2433 1223 2465 tantas
1251 2431 1426 2475 compulit
1452 2431 1654 2475 angustias.
1683 2432 1723 2464 ut
1750 2430 1908 2464 secundo
1935 2430 1992 2464 vel

181 2483 289 2517 tertio
326 2484 382 2517 die
421 2484 641 2527 colloquium
677 2484 945 2528 abrumperent.
999 2484 1278 2521 Schmidelinus.
1316 2488 1356 2519 ut
1392 2484 1509 2518 David
1539 2484 1677 2518 Parcus
1712 2483 1898 2528 professor
1925 2483 1994 2518 cal-

181 2537 351 2572 vinianus
387 2541 522 2575 narrat.
564 2550 715 2583 „magno
744 2551 824 2573 cum
851 2551 939 2573 naso
968 2539 1172 2573 discessit‘.
1226 2539 1400 2583 Princeps
1438 2538 1566 2573 deinde
1602 2550 1736 2572 novum
1774 2537 1992 2581 colloquium

181 2592 305 2626 haberi
334 2592 442 2626 iussit
469 2592 512 2626 ad
542 2592 703 2635 illudque
732 2593 842 2627 etiam
872 2592 1041 2626 Ioannem
1070 2592 1245 2636 Pappum.
1283 2592 1557 2627 lutheranorum
1590 2591 1839 2635 theologorum
1869 2603 1994 2636 argen-

181 2646 421 2680 toratensium
450 2649 569 2690 caput,
598 2647 802 2681 arcessivit.
849 2647 938 2681 Cum
966 2649 1087 2680 autem
1116 2646 1177 2681 ille
1206 2659 1285 2681 cum
1315 2646 1471 2680 Pistorio
1499 2646 1668 2690 congredi
1696 2646 1820 2686 nollet,
1849 2645 1992 2680 tandem

182 2712 201 2733 a
229 2700 260 2734 d.
282 2701 337 2734 253.
358 2700 402 2734 ad
430 2701 484 2735 ²27.
506 2700 599 2734 lunii
629 2701 722 2735 1590
750 2701 1035 2745 Emmendingae
1063 2701 1288 2744 disputatum
1317 2703 1374 2735 est
1401 2701 1495 2735 inter
1521 2713 1603 2735 euni
1623 2703 1659 2734 et
1687 2700 1805 2743 ipsum
1826 2699 1993 2734 Iacobum

181 2757 290 2797 atque
320 2754 489 2788 loannem
518 2754 702 2789 Zehender
727 2754 847 2789 lacobi
876 2755 1160 2789 contionatorem
1188 2755 1358 2790 aulicum.
1397 2754 1456 2797 qui
1485 2766 1549 2798 per
1568 2754 1764 2788 Pistorium
1794 2753 1992 2788 doctrinam

182 2807 399 2841 catholicam
437 2808 587 2843 edoctus
623 2811 711 2843 erat.
765 2809 917 2843 lacobus
943 2808 1000 2843 12⁷).
1032 2809 1112 2842 Iulii
1143 2809 1235 2842 1:390
1272 2808 1306 2842 in
1339 2808 1474 2842 ordinis
1503 2808 1748 2842 cisterciensis
1775 2807 1994 2841 monasterio

183 2862 465 2896 tennenbacensi
501 2862 797 2904 (Tliennenbach‘)
835 2863 943 2897 fidem
980 2863 1196 2897 catholicam
1238 2863 1437 2896 solenniter
1475 2862 1663 2906 professus
1702 2864 1758 2895 051
1797 2865 1833 2896 et
1868 2861 1993 2895 statim

184 2918 300 2950 terrae
328 2928 414 2950 suae
442 2917 487 2950 ad
515 2917 707 2951 ecclesiam
736 2917 960 2951 reducendae
989 2929 1133 2961 operam
1163 2917 1246 2951 dare
1275 2917 1402 2960 coepit.
1449 2917 1517 2950 Sed
1547 2916 1616 2950 iam
1649 2917 1700 2950 17.
1722 2915 1879 2959 Augusti
1902 2916 1995 2949 1590

186 2973 298 3004 morte
318 2973 375 3004 est
393 2971 566 3014 abreptus
584 2973 716 3006 <Audin
742 2973 831 3013 Ιίᾶλὶ,
853 2971 918 3005 Dic
939 2971 1174 3005 Convertiten
1195 2971 1266 3005 seit
1285 2971 1348 3005 (101
1367 2970 1615 3005 Reformation
1639 2970 1680 3006 ll.
1701 2969 1878 3013 Freiburg
1897 2969 1918 3004 i.
1935 2970 1992 3004 Br.

310 3109 314 3126 ¹
345 3109 501 3143 ilenrico
533 3109 657 3143 111.111.
681 3109 845 3153 Augusto
866 3122 895 3144 a.
922 3110 1010 3143 1589
1038 3122 1082 3143 ex
1111 3109 1253 3143 insidiis
1281 3109 1485 3149 interfecto,
1515 3108 1695 3142 Henricus
1715 3108 1901 3142 Navarrae
1929 3120 1992 3142 rex

184 3175 312 3196 nomen
349 3163 447 3207 regis
475 3163 616 3197 (lalliae
652 3163 721 3197 sibi
758 3163 925 3207 sumpsit.
980 3163 1141 3207 Ligistae
1178 3175 1275 3199 vero,
1314 3163 1442 3197 Cau-010
1478 3162 1603 3196 (luisio
1641 3162 1742 3199 duce,
1780 3162 1992 3198 Navarraei.

184 3216 277 3258 quod
314 3215 521 3250 haereticus
558 3219 593 3250 01
629 3217 966 3251 excommunicatus
994 3230 1064 3251 ess(
1078 3220 1102 3257 1,
1141 3217 1330 3260 imperium
1369 3217 1622 3250 detrectabant
1658 3219 1694 3250 et
1727 3228 1790 3260 pro
1818 3216 1991 3251 cardinali

186 3269 373 3310 Boi-bomo,
402 3282 508 3313 quem
537 3271 705 3305 Carnium
736 3271 778 3304 X.
800 3270 1035 3314 appellabant
1062 3283 1196 3313 regem,
1225 3270 1470 3305 decertabant.
