<?xml version="1.0" encoding="UTF-8"?>
<!DOCTYPE html PUBLIC "-//W3C//DTD XHTML 1.0 Transitional//EN"
    "http://www.w3.org/TR/xhtml1/DTD/xhtml1-transitional.dtd">
<html xmlns="http://www.w3.org/1999/xhtml" xml:lang="en" lang="en">
 <head>
  <title>
</title>
<meta http-equiv="Content-Type" content="text/html;charset=utf-8" />
  <meta name='ocr-system' content='tesseract 3.04.00' />
  <meta name='ocr-capabilities' content='ocr_page ocr_carea ocr_par ocr_line ocrx_word'/>
</head>
<body>
  <div class='ocr_page' id='page_1' title='image "beatipetricanisi08cani_0073.png"; bbox 0 0 2073 3510; ppageno 0'>
   <div class='ocr_carea' id='block_1_1' title="bbox 344 783 1569 940">
    <p class='ocr_par' dir='ltr' id='par_1_1' title="bbox 344 783 1569 940">
     <span class='ocr_line' id='line_1_1' title="bbox 933 783 981 825; baseline 0.021 -1"><span class='ocrx_word' id='word_1_1' title='bbox 933 783 981 825; x_wconf 88' lang='lat' dir='ltr'>V.</span> 
     </span>
     <span class='ocr_line' id='line_1_2' title="bbox 344 884 1569 940; baseline -0.006 0"><span class='ocrx_word' id='word_1_2' title='bbox 344 889 678 940; x_wconf 59' lang='lat' dir='ltr'><strong>DESGRIPTw</strong></span> <span class='ocrx_word' id='word_1_3' title='bbox 721 887 962 939; x_wconf 62' lang='lat' dir='ltr'>Conlolssil</span> <span class='ocrx_word' id='word_1_4' title='bbox 1008 886 1168 937; x_wconf 55' lang='lat' dir='ltr'>MANV</span> <span class='ocrx_word' id='word_1_5' title='bbox 1209 884 1569 935; x_wconf 54' lang='lat' dir='ltr'>szJlVl&#39;ol-uul</span> 
     </span>
    </p>
   </div>
   <div class='ocr_carea' id='block_1_2' title="bbox 583 970 1336 1013">
    <p class='ocr_par' dir='ltr' id='par_1_2' title="bbox 583 970 1336 1013">
     <span class='ocr_line' id='line_1_3' title="bbox 583 970 1336 1013; baseline -0.005 0"><span class='ocrx_word' id='word_1_6' title='bbox 583 973 625 1012; x_wconf 84' lang='lat' dir='ltr'>in</span> <span class='ocrx_word' id='word_1_7' title='bbox 657 973 739 1013; x_wconf 87' lang='lat' dir='ltr'>hoc</span> <span class='ocrx_word' id='word_1_8' title='bbox 772 972 993 1012; x_wconf 86' lang='lat' dir='ltr'>volumine</span> <span class='ocrx_word' id='word_1_9' title='bbox 1025 970 1336 1011; x_wconf 78' lang='lat' dir='ltr'>adhibitorum.</span> 
     </span>
    </p>
   </div>
   <div class='ocr_carea' id='block_1_3' title="bbox 57 1094 1863 1274">
    <p class='ocr_par' dir='ltr' id='par_1_3' title="bbox 57 1094 1863 1274">
     <span class='ocr_line' id='line_1_4' title="bbox 176 1094 1862 1154; baseline -0.003 -14"><span class='ocrx_word' id='word_1_10' title='bbox 176 1099 243 1140; x_wconf 78' lang='lat' dir='ltr'>Ad</span> <span class='ocrx_word' id='word_1_11' title='bbox 276 1099 403 1141; x_wconf 81' lang='lat' dir='ltr'>huius</span> <span class='ocrx_word' id='word_1_12' title='bbox 427 1099 657 1141; x_wconf 76' lang='lat' dir='ltr'>voluminis</span> <span class='ocrx_word' id='word_1_13' title='bbox 681 1099 891 1154; x_wconf 86' lang='lat' dir='ltr'>epistulas</span> <span class='ocrx_word' id='word_1_14' title='bbox 915 1101 1101 1151; x_wconf 81' lang='lat' dir='ltr'>actaque</span> <span class='ocrx_word' id='word_1_15' title='bbox 1135 1096 1379 1150; x_wconf 70' lang='lat' dir='ltr'>colligenda</span> <span class='ocrx_word' id='word_1_16' title='bbox 1413 1098 1457 1137; x_wconf 88' lang='lat' dir='ltr'>et</span> <span class='ocrx_word' id='word_1_17' title='bbox 1491 1094 1751 1136; x_wconf 85' lang='lat' dir='ltr'>illustranda</span> <span class='ocrx_word' id='word_1_18' title='bbox 1786 1094 1862 1135; x_wconf 87' lang='lat' dir='ltr'>ad-</span> 
     </span>
     <span class='ocr_line' id='line_1_5' title="bbox 57 1159 1863 1216; baseline -0.003 -10"><span class='ocrx_word' id='word_1_19' title='bbox 57 1163 182 1206; x_wconf 86' lang='lat' dir='ltr'>hibiti</span> <span class='ocrx_word' id='word_1_20' title='bbox 216 1168 319 1207; x_wconf 82' lang='lat' dir='ltr'>sunt</span> <span class='ocrx_word' id='word_1_21' title='bbox 354 1167 439 1207; x_wconf 66' lang='lat'>‘220</span> <span class='ocrx_word' id='word_1_22' title='bbox 462 1167 555 1207; x_wconf 82' lang='lat' dir='ltr'>fere</span> <span class='ocrx_word' id='word_1_23' title='bbox 579 1165 761 1208; x_wconf 82' lang='lat' dir='ltr'>codices.</span> <span class='ocrx_word' id='word_1_24' title='bbox 797 1163 990 1206; x_wconf 84' lang='lat' dir='ltr'>fasciculi</span> <span class='ocrx_word' id='word_1_25' title='bbox 1017 1166 1098 1205; x_wconf 90' lang='lat' dir='ltr'>etc.</span> <span class='ocrx_word' id='word_1_26' title='bbox 1124 1177 1254 1204; x_wconf 84' lang='lat' dir='ltr'>manu</span> <span class='ocrx_word' id='word_1_27' title='bbox 1279 1161 1442 1216; x_wconf 69' lang='lat' dir='ltr'>scripti,</span> <span class='ocrx_word' id='word_1_28' title='bbox 1479 1160 1550 1214; x_wconf 81' lang='lat' dir='ltr'>qui</span> <span class='ocrx_word' id='word_1_29' title='bbox 1576 1160 1617 1202; x_wconf 92' lang='lat' dir='ltr'>in</span> <span class='ocrx_word' id='word_1_30' title='bbox 1641 1159 1863 1202; x_wconf 82' lang='lat' dir='ltr'>variarum</span> 
     </span>
     <span class='ocr_line' id='line_1_6' title="bbox 57 1230 1282 1274; baseline -0.003 -1"><span class='ocrx_word' id='word_1_31' title='bbox 57 1233 274 1273; x_wconf 87' lang='lat' dir='ltr'>terrarum</span> <span class='ocrx_word' id='word_1_32' title='bbox 309 1231 511 1274; x_wconf 75' lang='lat' dir='ltr'>archivis.</span> <span class='ocrx_word' id='word_1_33' title='bbox 546 1230 820 1273; x_wconf 72' lang='lat' dir='ltr'>bibliothecis</span> <span class='ocrx_word' id='word_1_34' title='bbox 855 1233 935 1272; x_wconf 83' lang='lat' dir='ltr'>etc.</span> <span class='ocrx_word' id='word_1_35' title='bbox 973 1231 1282 1271; x_wconf 65' lang='lat' dir='ltr'>asservantur:</span> 
     </span>
    </p>
   </div>
   <div class='ocr_carea' id='block_1_4' title="bbox 55 1333 1863 3274">
    <p class='ocr_par' dir='ltr' id='par_1_4' title="bbox 58 1333 1863 1458">
     <span class='ocr_line' id='line_1_7' title="bbox 58 1333 1863 1393; baseline -0.003 -13"><span class='ocrx_word' id='word_1_36' title='bbox 58 1339 351 1393; x_wconf 76' lang='lat' dir='ltr'>Augustae</span> <span class='ocrx_word' id='word_1_37' title='bbox 400 1338 697 1381; x_wconf 79' lang='lat' dir='ltr'>Vindelico</span> <span class='ocrx_word' id='word_1_38' title='bbox 712 1354 822 1380; x_wconf 80' lang='lat' dir='ltr'>runi</span> <span class='ocrx_word' id='word_1_39' title='bbox 873 1333 1139 1391; x_wconf 71' lang='lat' dir='ltr'>(Aug-sburg)</span> <span class='ocrx_word' id='word_1_40' title='bbox 1193 1336 1237 1377; x_wconf 90' lang='lat' dir='ltr'>in</span> <span class='ocrx_word' id='word_1_41' title='bbox 1286 1336 1463 1377; x_wconf 84' lang='lat' dir='ltr'>archivo</span> <span class='ocrx_word' id='word_1_42' title='bbox 1518 1334 1710 1377; x_wconf 82' lang='lat' dir='ltr'>familiae</span> <span class='ocrx_word' id='word_1_43' title='bbox 1763 1334 1863 1387; x_wconf 76' lang='lat' dir='ltr'>fug-</span> 
     </span>
     <span class='ocr_line' id='line_1_8' title="bbox 176 1402 461 1458; baseline 0.004 -11"><span class='ocrx_word' id='word_1_44' title='bbox 176 1403 348 1458; x_wconf 79' lang='lat' dir='ltr'>gericae</span> <span class='ocrx_word' id='word_1_45' title='bbox 383 1402 461 1458; x_wconf 81' lang='lat' dir='ltr'>(l):</span> 
     </span>
    </p>

    <p class='ocr_par' dir='ltr' id='par_1_5' title="bbox 58 1467 1214 1524">
     <span class='ocr_line' id='line_1_9' title="bbox 58 1467 1214 1524; baseline -0.001 -12"><span class='ocrx_word' id='word_1_46' title='bbox 58 1470 322 1512; x_wconf 85' lang='lat' dir='ltr'>Basileae</span> <span class='ocrx_word' id='word_1_47' title='bbox 357 1470 515 1523; x_wconf 73' lang='lat' dir='ltr'>(Basel)</span> <span class='ocrx_word' id='word_1_48' title='bbox 549 1471 590 1512; x_wconf 88' lang='lat' dir='ltr'>in</span> <span class='ocrx_word' id='word_1_49' title='bbox 626 1471 804 1513; x_wconf 82' lang='lat' dir='ltr'>archivo</span> <span class='ocrx_word' id='word_1_50' title='bbox 839 1468 1100 1524; x_wconf 85' lang='lat' dir='ltr'>reipublicae</span> <span class='ocrx_word' id='word_1_51' title='bbox 1136 1467 1214 1518; x_wconf 71' lang='grc'>(2);</span> 
     </span>
    </p>

    <p class='ocr_par' dir='ltr' id='par_1_6' title="bbox 58 1532 1150 1590">
     <span class='ocr_line' id='line_1_10' title="bbox 58 1532 1150 1590; baseline -0.003 -11"><span class='ocrx_word' id='word_1_52' title='bbox 58 1537 271 1579; x_wconf 88' lang='lat' dir='ltr'>Bernae</span> <span class='ocrx_word' id='word_1_53' title='bbox 306 1536 449 1589; x_wconf 77' lang='lat' dir='ltr'>(Bern)</span> <span class='ocrx_word' id='word_1_54' title='bbox 484 1537 526 1578; x_wconf 90' lang='lat' dir='ltr'>in</span> <span class='ocrx_word' id='word_1_55' title='bbox 560 1537 737 1578; x_wconf 86' lang='lat' dir='ltr'>archivo</span> <span class='ocrx_word' id='word_1_56' title='bbox 772 1534 1034 1590; x_wconf 85' lang='lat' dir='ltr'>reipublicae</span> <span class='ocrx_word' id='word_1_57' title='bbox 1069 1532 1150 1585; x_wconf 77' lang='lat'>&lt;3):</span> 
     </span>
    </p>

    <p class='ocr_par' dir='ltr' id='par_1_7' title="bbox 58 1599 1594 1657">
     <span class='ocr_line' id='line_1_11' title="bbox 58 1599 1594 1657; baseline -0.003 -13"><span class='ocrx_word' id='word_1_58' title='bbox 58 1603 126 1644; x_wconf 77' lang='grc' dir='ltr'>ΒΓ</span> <span class='ocrx_word' id='word_1_59' title='bbox 139 1605 235 1644; x_wconf 86' lang='lat' dir='ltr'>unt</span> <span class='ocrx_word' id='word_1_60' title='bbox 248 1618 267 1644; x_wconf 95' lang='lat' dir='ltr'>r</span> <span class='ocrx_word' id='word_1_61' title='bbox 281 1603 361 1645; x_wconf 90' lang='lat' dir='ltr'>uti</span> <span class='ocrx_word' id='word_1_62' title='bbox 396 1603 692 1657; x_wconf 82' lang='lat' dir='ltr'>(Porrentruy.</span> <span class='ocrx_word' id='word_1_63' title='bbox 728 1602 956 1653; x_wconf 81' lang='lat' dir='ltr'>Pruntrut)</span> <span class='ocrx_word' id='word_1_64' title='bbox 990 1601 1033 1642; x_wconf 91' lang='lat' dir='ltr'>in</span> <span class='ocrx_word' id='word_1_65' title='bbox 1067 1599 1328 1642; x_wconf 86' lang='lat' dir='ltr'>bibliotheca</span> <span class='ocrx_word' id='word_1_66' title='bbox 1365 1599 1481 1641; x_wconf 88' lang='lat' dir='ltr'>urbis</span> <span class='ocrx_word' id='word_1_67' title='bbox 1516 1599 1594 1650; x_wconf 62' lang='lat' dir='ltr'>(l):</span> 
     </span>
    </p>

    <p class='ocr_par' dir='ltr' id='par_1_8' title="bbox 58 1666 1284 1721">
     <span class='ocr_line' id='line_1_12' title="bbox 58 1666 1284 1721; baseline -0.002 -11"><span class='ocrx_word' id='word_1_68' title='bbox 58 1668 350 1711; x_wconf 78' lang='lat' dir='ltr'>Bruxellis</span> <span class='ocrx_word' id='word_1_69' title='bbox 384 1668 643 1721; x_wconf 79' lang='lat' dir='ltr'>(Bruxelles)</span> <span class='ocrx_word' id='word_1_70' title='bbox 677 1668 719 1710; x_wconf 91' lang='lat' dir='ltr'>in</span> <span class='ocrx_word' id='word_1_71' title='bbox 752 1668 1016 1710; x_wconf 71' lang='lat' dir='ltr'>bibliotheca</span> <span class='ocrx_word' id='word_1_72' title='bbox 1050 1666 1172 1721; x_wconf 78' lang='lat' dir='ltr'>regia</span> <span class='ocrx_word' id='word_1_73' title='bbox 1206 1669 1284 1715; x_wconf 72' lang='lat' dir='ltr'>(l):</span> 
     </span>
    </p>

    <p class='ocr_par' dir='ltr' id='par_1_9' title="bbox 59 1730 1666 1789">
     <span class='ocr_line' id='line_1_13' title="bbox 59 1730 1666 1789; baseline -0.001 -12"><span class='ocrx_word' id='word_1_74' title='bbox 59 1735 436 1777; x_wconf 84' lang='lat' dir='ltr'>Carolsruhae</span> <span class='ocrx_word' id='word_1_75' title='bbox 471 1732 740 1789; x_wconf 82' lang='lat' dir='ltr'>(Karlsruhe)</span> <span class='ocrx_word' id='word_1_76' title='bbox 774 1734 817 1776; x_wconf 89' lang='lat' dir='ltr'>in</span> <span class='ocrx_word' id='word_1_77' title='bbox 851 1733 1028 1776; x_wconf 80' lang='lat' dir='ltr'>archivo</span> <span class='ocrx_word' id='word_1_78' title='bbox 1063 1732 1257 1787; x_wconf 79' lang='lat' dir='ltr'>generali</span> <span class='ocrx_word' id='word_1_79' title='bbox 1291 1731 1554 1787; x_wconf 89' lang='lat' dir='ltr'>reipublicae</span> <span class='ocrx_word' id='word_1_80' title='bbox 1589 1730 1666 1783; x_wconf 78' lang='lat' dir='ltr'>(l):</span> 
     </span>
    </p>

    <p class='ocr_par' dir='ltr' id='par_1_10' title="bbox 58 1796 1863 1922">
     <span class='ocr_line' id='line_1_14' title="bbox 58 1796 1863 1857; baseline -0.003 -14"><span class='ocrx_word' id='word_1_81' title='bbox 58 1801 323 1843; x_wconf 79' lang='lat' dir='ltr'>Coloniae</span> <span class='ocrx_word' id='word_1_82' title='bbox 366 1801 717 1857; x_wconf 77' lang='lat' dir='ltr'>Agrippinae</span> <span class='ocrx_word' id='word_1_83' title='bbox 752 1800 880 1853; x_wconf 73' lang='lat' dir='ltr'>(Koln</span> <span class='ocrx_word' id='word_1_84' title='bbox 913 1815 949 1842; x_wconf 90' lang='lat' dir='ltr'>a.</span> <span class='ocrx_word' id='word_1_85' title='bbox 985 1799 1082 1851; x_wconf 80' lang='lat' dir='ltr'>Rh.)</span> <span class='ocrx_word' id='word_1_86' title='bbox 1117 1798 1160 1840; x_wconf 92' lang='lat' dir='ltr'>in</span> <span class='ocrx_word' id='word_1_87' title='bbox 1204 1798 1381 1840; x_wconf 84' lang='lat' dir='ltr'>archivo</span> <span class='ocrx_word' id='word_1_88' title='bbox 1422 1797 1664 1840; x_wconf 82' lang='lat' dir='ltr'>studiorum</span> <span class='ocrx_word' id='word_1_89' title='bbox 1704 1796 1863 1838; x_wconf 83' lang='lat' dir='ltr'>funda-</span> 
     </span>
     <span class='ocr_line' id='line_1_15' title="bbox 177 1861 1566 1922; baseline -0.002 -12"><span class='ocrx_word' id='word_1_90' title='bbox 177 1870 334 1918; x_wconf 66' lang='lat' dir='ltr'>torum,</span> <span class='ocrx_word' id='word_1_91' title='bbox 371 1868 484 1922; x_wconf 83' lang='lat' dir='ltr'>quod</span> <span class='ocrx_word' id='word_1_92' title='bbox 518 1869 561 1909; x_wconf 92' lang='lat' dir='ltr'>in</span> <span class='ocrx_word' id='word_1_93' title='bbox 594 1867 771 1910; x_wconf 86' lang='lat' dir='ltr'>archivo</span> <span class='ocrx_word' id='word_1_94' title='bbox 803 1866 1012 1909; x_wconf 83' lang='lat' dir='ltr'>historico</span> <span class='ocrx_word' id='word_1_95' title='bbox 1048 1866 1164 1907; x_wconf 89' lang='lat' dir='ltr'>urbis</span> <span class='ocrx_word' id='word_1_96' title='bbox 1199 1867 1454 1907; x_wconf 68' lang='lat' dir='ltr'>asservatur</span> <span class='ocrx_word' id='word_1_97' title='bbox 1489 1861 1566 1917; x_wconf 71' lang='lat'>(2):</span> 
     </span>
    </p>

    <p class='ocr_par' dir='ltr' id='par_1_11' title="bbox 57 1930 1529 1988">
     <span class='ocr_line' id='line_1_16' title="bbox 57 1930 1529 1988; baseline 0 -13"><span class='ocrx_word' id='word_1_98' title='bbox 57 1933 322 1988; x_wconf 80' lang='lat' dir='ltr'>Dilingae</span> <span class='ocrx_word' id='word_1_99' title='bbox 357 1933 592 1988; x_wconf 81' lang='lat' dir='ltr'>(Dillingen</span> <span class='ocrx_word' id='word_1_100' title='bbox 626 1949 662 1976; x_wconf 87' lang='lat' dir='ltr'>a.</span> <span class='ocrx_word' id='word_1_101' title='bbox 699 1934 766 1986; x_wconf 88' lang='lat' dir='ltr'>D.)</span> <span class='ocrx_word' id='word_1_102' title='bbox 800 1933 844 1975; x_wconf 90' lang='lat' dir='ltr'>in</span> <span class='ocrx_word' id='word_1_103' title='bbox 876 1932 1140 1975; x_wconf 74' lang='lat' dir='ltr'>bibliotheca</span> <span class='ocrx_word' id='word_1_104' title='bbox 1174 1931 1417 1974; x_wconf 82' lang='lat' dir='ltr'>studiorum</span> <span class='ocrx_word' id='word_1_105' title='bbox 1452 1930 1529 1983; x_wconf 73' lang='lat'>(2):</span> 
     </span>
    </p>

    <p class='ocr_par' dir='ltr' id='par_1_12' title="bbox 57 1995 1734 2053">
     <span class='ocr_line' id='line_1_17' title="bbox 57 1995 1734 2053; baseline -0.002 -12"><span class='ocrx_word' id='word_1_106' title='bbox 57 1999 352 2042; x_wconf 84' lang='lat' dir='ltr'>Einsidlae</span> <span class='ocrx_word' id='word_1_107' title='bbox 387 1996 665 2053; x_wconf 70' lang='lat' dir='ltr'>(Einsiedeln)</span> <span class='ocrx_word' id='word_1_108' title='bbox 699 2000 742 2041; x_wconf 92' lang='lat' dir='ltr'>in</span> <span class='ocrx_word' id='word_1_109' title='bbox 775 1999 1038 2042; x_wconf 72' lang='lat' dir='ltr'>bibliotheca</span> <span class='ocrx_word' id='word_1_110' title='bbox 1071 1997 1326 2040; x_wconf 85' lang='lat' dir='ltr'>monasterii</span> <span class='ocrx_word' id='word_1_111' title='bbox 1359 1995 1621 2039; x_wconf 83' lang='lat' dir='ltr'>benedictini</span> <span class='ocrx_word' id='word_1_112' title='bbox 1656 1996 1734 2047; x_wconf 74' lang='grc'>(2);</span> 
     </span>
    </p>

    <p class='ocr_par' dir='ltr' id='par_1_13' title="bbox 57 2062 1482 2121">
     <span class='ocr_line' id='line_1_18' title="bbox 57 2062 1482 2121; baseline -0.001 -13"><span class='ocrx_word' id='word_1_113' title='bbox 57 2065 322 2121; x_wconf 82' lang='lat' dir='ltr'>Eystadii</span> <span class='ocrx_word' id='word_1_114' title='bbox 356 2062 609 2116; x_wconf 72' lang='lat' dir='ltr'>(Eichstatt)</span> <span class='ocrx_word' id='word_1_115' title='bbox 643 2066 687 2107; x_wconf 91' lang='lat' dir='ltr'>in</span> <span class='ocrx_word' id='word_1_116' title='bbox 720 2065 897 2108; x_wconf 86' lang='lat' dir='ltr'>archivo</span> <span class='ocrx_word' id='word_1_117' title='bbox 932 2065 1076 2106; x_wconf 87' lang='lat' dir='ltr'>curiae</span> <span class='ocrx_word' id='word_1_118' title='bbox 1111 2062 1370 2119; x_wconf 82' lang='lat' dir='ltr'>episcopalis</span> <span class='ocrx_word' id='word_1_119' title='bbox 1405 2063 1482 2114; x_wconf 83' lang='lat' dir='ltr'>(l):</span> 
     </span>
    </p>

    <p class='ocr_par' dir='ltr' id='par_1_14' title="bbox 56 2131 1862 2588">
     <span class='ocr_line' id='line_1_19' title="bbox 56 2131 1861 2192; baseline -0.003 -13"><span class='ocrx_word' id='word_1_120' title='bbox 56 2137 182 2179; x_wconf 86' lang='lat' dir='ltr'>Frib</span> <span class='ocrx_word' id='word_1_121' title='bbox 196 2153 221 2179; x_wconf 87' lang='lat' dir='ltr'>u</span> <span class='ocrx_word' id='word_1_122' title='bbox 235 2138 319 2192; x_wconf 78' lang='lat' dir='ltr'>rgi</span> <span class='ocrx_word' id='word_1_123' title='bbox 352 2138 746 2180; x_wconf 83' lang='lat' dir='ltr'>Helvetiorum</span> <span class='ocrx_word' id='word_1_124' title='bbox 770 2137 998 2191; x_wconf 75' lang='lat' dir='ltr'>(Fribourg</span> <span class='ocrx_word' id='word_1_125' title='bbox 1017 2151 1069 2178; x_wconf 90' lang='lat' dir='ltr'>en</span> <span class='ocrx_word' id='word_1_126' title='bbox 1089 2136 1249 2183; x_wconf 79' lang='lat' dir='ltr'>Suisse)</span> <span class='ocrx_word' id='word_1_127' title='bbox 1268 2135 1310 2176; x_wconf 90' lang='lat' dir='ltr'>in</span> <span class='ocrx_word' id='word_1_128' title='bbox 1336 2134 1512 2176; x_wconf 83' lang='lat' dir='ltr'>archivo</span> <span class='ocrx_word' id='word_1_129' title='bbox 1537 2133 1772 2188; x_wconf 87' lang='lat' dir='ltr'>episcopali</span> <span class='ocrx_word' id='word_1_130' title='bbox 1791 2131 1861 2183; x_wconf 69' lang='lat'>(2),</span> 
     </span>
     <span class='ocr_line' id='line_1_20' title="bbox 175 2199 1862 2259; baseline -0.003 -14"><span class='ocrx_word' id='word_1_131' title='bbox 175 2203 218 2245; x_wconf 93' lang='lat' dir='ltr'>in</span> <span class='ocrx_word' id='word_1_132' title='bbox 261 2203 437 2246; x_wconf 78' lang='lat' dir='ltr'>archivo</span> <span class='ocrx_word' id='word_1_133' title='bbox 482 2204 743 2259; x_wconf 88' lang='lat' dir='ltr'>reipublicae</span> <span class='ocrx_word' id='word_1_134' title='bbox 787 2205 885 2251; x_wconf 66' lang='lat'>(343).</span> <span class='ocrx_word' id='word_1_135' title='bbox 934 2203 976 2244; x_wconf 93' lang='lat' dir='ltr'>in</span> <span class='ocrx_word' id='word_1_136' title='bbox 1020 2202 1197 2244; x_wconf 82' lang='lat' dir='ltr'>archivo</span> <span class='ocrx_word' id='word_1_137' title='bbox 1241 2199 1596 2255; x_wconf 77' lang='lat' dir='ltr'>congregationis</span> <span class='ocrx_word' id='word_1_138' title='bbox 1638 2199 1862 2241; x_wconf 83' lang='lat' dir='ltr'>marianae</span> 
     </span>
     <span class='ocr_line' id='line_1_21' title="bbox 176 2265 1861 2323; baseline -0.003 -12"><span class='ocrx_word' id='word_1_139' title='bbox 176 2270 334 2312; x_wconf 80' lang='lat' dir='ltr'>civium</span> <span class='ocrx_word' id='word_1_140' title='bbox 370 2272 438 2321; x_wconf 71' lang='lat'>(1),</span> <span class='ocrx_word' id='word_1_141' title='bbox 474 2270 517 2312; x_wconf 90' lang='lat' dir='ltr'>in</span> <span class='ocrx_word' id='word_1_142' title='bbox 551 2270 728 2312; x_wconf 80' lang='lat' dir='ltr'>archivo</span> <span class='ocrx_word' id='word_1_143' title='bbox 763 2268 1119 2323; x_wconf 73' lang='lat' dir='ltr'>congregationis</span> <span class='ocrx_word' id='word_1_144' title='bbox 1152 2269 1375 2310; x_wconf 85' lang='lat' dir='ltr'>marianae</span> <span class='ocrx_word' id='word_1_145' title='bbox 1409 2266 1670 2309; x_wconf 83' lang='lat' dir='ltr'>feminarum</span> <span class='ocrx_word' id='word_1_146' title='bbox 1705 2266 1774 2319; x_wconf 84' lang='grc'>(1).</span> <span class='ocrx_word' id='word_1_147' title='bbox 1819 2265 1861 2307; x_wconf 89' lang='lat' dir='ltr'>in</span> 
     </span>
     <span class='ocr_line' id='line_1_22' title="bbox 175 2332 1860 2383; baseline -0.003 -5"><span class='ocrx_word' id='word_1_148' title='bbox 175 2337 352 2378; x_wconf 84' lang='lat' dir='ltr'>archivo</span> <span class='ocrx_word' id='word_1_149' title='bbox 386 2336 578 2378; x_wconf 86' lang='lat' dir='ltr'>familiae</span> <span class='ocrx_word' id='word_1_150' title='bbox 613 2336 934 2378; x_wconf 85' lang='lat' dir='ltr'>Techtermann</span> <span class='ocrx_word' id='word_1_151' title='bbox 969 2335 1021 2377; x_wconf 79' lang='lat' dir='ltr'>(le</span> <span class='ocrx_word' id='word_1_152' title='bbox 1055 2334 1275 2376; x_wconf 87' lang='lat' dir='ltr'>Bionnens</span> <span class='ocrx_word' id='word_1_153' title='bbox 1300 2332 1368 2383; x_wconf 70' lang='lat'>(1),</span> <span class='ocrx_word' id='word_1_154' title='bbox 1404 2333 1447 2375; x_wconf 91' lang='lat' dir='ltr'>in</span> <span class='ocrx_word' id='word_1_155' title='bbox 1480 2332 1742 2375; x_wconf 80' lang='lat' dir='ltr'>bibliotheca</span> <span class='ocrx_word' id='word_1_156' title='bbox 1778 2332 1860 2373; x_wconf 87' lang='lat' dir='ltr'>rei-</span> 
     </span>
     <span class='ocr_line' id='line_1_23' title="bbox 175 2398 1860 2457; baseline -0.003 -13"><span class='ocrx_word' id='word_1_157' title='bbox 175 2402 373 2457; x_wconf 82' lang='lat' dir='ltr'>publicae</span> <span class='ocrx_word' id='word_1_158' title='bbox 407 2405 452 2445; x_wconf 89' lang='lat' dir='ltr'>et</span> <span class='ocrx_word' id='word_1_159' title='bbox 486 2402 788 2445; x_wconf 79' lang='lat' dir='ltr'>universitatis</span> <span class='ocrx_word' id='word_1_160' title='bbox 813 2402 911 2451; x_wconf 70' lang='lat'>(12),</span> <span class='ocrx_word' id='word_1_161' title='bbox 947 2402 987 2443; x_wconf 85' lang='lat' dir='ltr'>in</span> <span class='ocrx_word' id='word_1_162' title='bbox 1018 2400 1283 2443; x_wconf 88' lang='lat' dir='ltr'>bibliotheca</span> <span class='ocrx_word' id='word_1_163' title='bbox 1305 2400 1487 2441; x_wconf 86' lang='lat' dir='ltr'>Patruin</span> <span class='ocrx_word' id='word_1_164' title='bbox 1510 2398 1726 2440; x_wconf 84' lang='lat' dir='ltr'>Minoruin</span> <span class='ocrx_word' id='word_1_165' title='bbox 1750 2398 1860 2439; x_wconf 77' lang='lat' dir='ltr'>Con—</span> 
     </span>
     <span class='ocr_line' id='line_1_24' title="bbox 175 2461 1858 2521; baseline -0.003 -12"><span class='ocrx_word' id='word_1_166' title='bbox 175 2469 443 2511; x_wconf 80' lang='lat' dir='ltr'>ventualiun]</span> <span class='ocrx_word' id='word_1_167' title='bbox 479 2466 547 2521; x_wconf 78' lang='grc'>(1),</span> <span class='ocrx_word' id='word_1_168' title='bbox 591 2468 635 2510; x_wconf 92' lang='lat' dir='ltr'>in</span> <span class='ocrx_word' id='word_1_169' title='bbox 667 2467 931 2510; x_wconf 84' lang='lat' dir='ltr'>bibliotheca</span> <span class='ocrx_word' id='word_1_170' title='bbox 969 2466 1161 2508; x_wconf 81' lang='lat' dir='ltr'>familiae</span> <span class='ocrx_word' id='word_1_171' title='bbox 1196 2466 1517 2508; x_wconf 81' lang='lat' dir='ltr'>Techterinann</span> <span class='ocrx_word' id='word_1_172' title='bbox 1552 2462 1753 2517; x_wconf 78' lang='lat' dir='ltr'>(Brouch)</span> <span class='ocrx_word' id='word_1_173' title='bbox 1789 2461 1858 2517; x_wconf 75' lang='lat' dir='ltr'>(i),</span> 
     </span>
     <span class='ocr_line' id='line_1_25' title="bbox 174 2530 1083 2588; baseline 0.001 -13"><span class='ocrx_word' id='word_1_174' title='bbox 174 2535 216 2575; x_wconf 94' lang='lat' dir='ltr'>in</span> <span class='ocrx_word' id='word_1_175' title='bbox 249 2534 513 2577; x_wconf 86' lang='lat' dir='ltr'>bibliotheca</span> <span class='ocrx_word' id='word_1_176' title='bbox 545 2534 738 2576; x_wconf 78' lang='lat' dir='ltr'>familiae</span> <span class='ocrx_word' id='word_1_177' title='bbox 771 2533 970 2588; x_wconf 78' lang='lat' dir='ltr'>Reynold</span> <span class='ocrx_word' id='word_1_178' title='bbox 1006 2530 1083 2585; x_wconf 88' lang='lat' dir='ltr'>(l):</span> 
     </span>
    </p>

    <p class='ocr_par' dir='ltr' id='par_1_15' title="bbox 57 2602 1543 2661">
     <span class='ocr_line' id='line_1_26' title="bbox 57 2602 1543 2661; baseline -0.002 -13"><span class='ocrx_word' id='word_1_179' title='bbox 57 2605 468 2661; x_wconf 84' lang='lat' dir='ltr'>Guelpherbyti</span> <span class='ocrx_word' id='word_1_180' title='bbox 503 2606 852 2656; x_wconf 71' lang='lat' dir='ltr'>(Wolfenbi&#39;ittel)</span> <span class='ocrx_word' id='word_1_181' title='bbox 887 2606 929 2646; x_wconf 89' lang='lat' dir='ltr'>in</span> <span class='ocrx_word' id='word_1_182' title='bbox 962 2605 1225 2647; x_wconf 83' lang='lat' dir='ltr'>bibliotheca</span> <span class='ocrx_word' id='word_1_183' title='bbox 1259 2604 1431 2659; x_wconf 85' lang='lat' dir='ltr'>publica</span> <span class='ocrx_word' id='word_1_184' title='bbox 1465 2602 1543 2654; x_wconf 78' lang='lat' dir='ltr'>(l):</span> 
     </span>
    </p>

    <p class='ocr_par' dir='ltr' id='par_1_16' title="bbox 55 2676 1422 2731">
     <span class='ocr_line' id='line_1_27' title="bbox 55 2676 1422 2731; baseline -0.001 -12"><span class='ocrx_word' id='word_1_185' title='bbox 55 2677 230 2719; x_wconf 87' lang='lat' dir='ltr'>Halae</span> <span class='ocrx_word' id='word_1_186' title='bbox 264 2678 476 2721; x_wconf 87' lang='lat' dir='ltr'>Tirolis</span> <span class='ocrx_word' id='word_1_187' title='bbox 510 2678 627 2731; x_wconf 76' lang='lat' dir='ltr'>(Hall</span> <span class='ocrx_word' id='word_1_188' title='bbox 660 2678 703 2719; x_wconf 92' lang='lat' dir='ltr'>in</span> <span class='ocrx_word' id='word_1_189' title='bbox 737 2677 869 2727; x_wconf 85' lang='lat' dir='ltr'>Tirol)</span> <span class='ocrx_word' id='word_1_190' title='bbox 903 2677 946 2718; x_wconf 89' lang='lat' dir='ltr'>in</span> <span class='ocrx_word' id='word_1_191' title='bbox 980 2676 1158 2718; x_wconf 83' lang='lat' dir='ltr'>archivo</span> <span class='ocrx_word' id='word_1_192' title='bbox 1193 2677 1310 2718; x_wconf 75' lang='lat' dir='ltr'>urbis</span> <span class='ocrx_word' id='word_1_193' title='bbox 1345 2677 1422 2726; x_wconf 77' lang='lat' dir='ltr'>(l):</span> 
     </span>
    </p>

    <p class='ocr_par' dir='ltr' id='par_1_17' title="bbox 55 2747 1857 2867">
     <span class='ocr_line' id='line_1_28' title="bbox 55 2747 1857 2804; baseline -0.002 -14"><span class='ocrx_word' id='word_1_194' title='bbox 55 2748 396 2792; x_wconf 82' lang='lat' dir='ltr'>Hunfeldiae</span> <span class='ocrx_word' id='word_1_195' title='bbox 431 2750 637 2799; x_wconf 75' lang='lat' dir='ltr'>(Hi&#39;infeld</span> <span class='ocrx_word' id='word_1_196' title='bbox 679 2764 813 2804; x_wconf 86' lang='lat' dir='ltr'>prope</span> <span class='ocrx_word' id='word_1_197' title='bbox 847 2749 1043 2801; x_wconf 83' lang='lat' dir='ltr'>Fuldain)</span> <span class='ocrx_word' id='word_1_198' title='bbox 1086 2749 1129 2790; x_wconf 90' lang='lat' dir='ltr'>in</span> <span class='ocrx_word' id='word_1_199' title='bbox 1171 2747 1435 2790; x_wconf 87' lang='lat' dir='ltr'>bibliotheca</span> <span class='ocrx_word' id='word_1_200' title='bbox 1474 2747 1555 2788; x_wconf 85' lang='lat' dir='ltr'>PP.</span> <span class='ocrx_word' id='word_1_201' title='bbox 1599 2747 1857 2789; x_wconf 87' lang='lat' dir='ltr'>Oblatoruin</span> 
     </span>
     <span class='ocr_line' id='line_1_29' title="bbox 176 2816 798 2867; baseline 0.002 -10"><span class='ocrx_word' id='word_1_202' title='bbox 176 2816 341 2858; x_wconf 88' lang='lat' dir='ltr'>Mariae</span> <span class='ocrx_word' id='word_1_203' title='bbox 375 2817 686 2858; x_wconf 79' lang='lat' dir='ltr'>Ininiaculatae</span> <span class='ocrx_word' id='word_1_204' title='bbox 720 2818 729 2867; x_wconf 12' lang='lat' dir='ltr'>(y</span> <span class='ocrx_word' id='word_1_205' title='bbox 741 2817 775 2867; x_wconf 90' lang='lat'>1)</span> <span class='ocrx_word' id='word_1_206' title='bbox 791 2833 798 2860; x_wconf 91' lang='lat'>:</span> 
     </span>
    </p>

    <p class='ocr_par' dir='ltr' id='par_1_18' title="bbox 57 2880 1856 2942">
     <span class='ocr_line' id='line_1_30' title="bbox 57 2880 1856 2942; baseline -0.001 -14"><span class='ocrx_word' id='word_1_207' title='bbox 57 2886 267 2942; x_wconf 88' lang='lat' dir='ltr'>Leopoli</span> <span class='ocrx_word' id='word_1_208' title='bbox 301 2886 474 2939; x_wconf 71' lang='lat' dir='ltr'><strong>(Lw‹3w‚</strong></span> <span class='ocrx_word' id='word_1_209' title='bbox 504 2888 547 2930; x_wconf 90' lang='lat' dir='ltr'>in</span> <span class='ocrx_word' id='word_1_210' title='bbox 569 2886 762 2941; x_wconf 88' lang='lat' dir='ltr'>Polonia)</span> <span class='ocrx_word' id='word_1_211' title='bbox 786 2887 830 2929; x_wconf 90' lang='lat' dir='ltr'>in</span> <span class='ocrx_word' id='word_1_212' title='bbox 852 2886 1115 2929; x_wconf 85' lang='lat' dir='ltr'>bibliotheca</span> <span class='ocrx_word' id='word_1_213' title='bbox 1139 2885 1452 2928; x_wconf 85' lang='lat' dir='ltr'>ossolinsciana</span> <span class='ocrx_word' id='word_1_214' title='bbox 1477 2882 1751 2935; x_wconf 73' lang='lat' dir='ltr'>(Ossolii&#39;lski)</span> <span class='ocrx_word' id='word_1_215' title='bbox 1777 2880 1856 2936; x_wconf 69' lang='lat' dir='ltr'>(l):</span> 
     </span>
    </p>

    <p class='ocr_par' dir='ltr' id='par_1_19' title="bbox 56 2952 1180 3007">
     <span class='ocr_line' id='line_1_31' title="bbox 56 2952 1180 3007; baseline 0.003 -14"><span class='ocrx_word' id='word_1_216' title='bbox 56 2952 291 2995; x_wconf 85' lang='lat' dir='ltr'>Londini</span> <span class='ocrx_word' id='word_1_217' title='bbox 325 2953 532 3007; x_wconf 83' lang='lat' dir='ltr'>(London)</span> <span class='ocrx_word' id='word_1_218' title='bbox 566 2954 609 2996; x_wconf 89' lang='lat' dir='ltr'>in</span> <span class='ocrx_word' id='word_1_219' title='bbox 642 2968 790 2996; x_wconf 84' lang='lat' dir='ltr'>museo</span> <span class='ocrx_word' id='word_1_220' title='bbox 823 2952 1067 2995; x_wconf 82' lang='lat' dir='ltr'>britannico</span> <span class='ocrx_word' id='word_1_221' title='bbox 1102 2952 1180 3003; x_wconf 71' lang='lat'>(2):</span> 
     </span>
    </p>

    <p class='ocr_par' dir='ltr' id='par_1_20' title="bbox 57 3016 1265 3073">
     <span class='ocr_line' id='line_1_32' title="bbox 57 3016 1265 3073; baseline 0 -14"><span class='ocrx_word' id='word_1_222' title='bbox 57 3017 339 3061; x_wconf 86' lang='lat' dir='ltr'>Lucernae</span> <span class='ocrx_word' id='word_1_223' title='bbox 373 3016 569 3073; x_wconf 82' lang='lat' dir='ltr'>(Luzern)</span> <span class='ocrx_word' id='word_1_224' title='bbox 602 3019 645 3061; x_wconf 90' lang='lat' dir='ltr'>in</span> <span class='ocrx_word' id='word_1_225' title='bbox 679 3019 856 3061; x_wconf 85' lang='lat' dir='ltr'>archivo</span> <span class='ocrx_word' id='word_1_226' title='bbox 891 3018 1153 3073; x_wconf 81' lang='lat' dir='ltr'>reipublicae</span> <span class='ocrx_word' id='word_1_227' title='bbox 1188 3020 1265 3067; x_wconf 72' lang='lat'><strong>(2):</strong></span> 
     </span>
    </p>

    <p class='ocr_par' dir='ltr' id='par_1_21' title="bbox 56 3081 1380 3139">
     <span class='ocr_line' id='line_1_33' title="bbox 56 3081 1380 3139; baseline 0.001 -14"><span class='ocrx_word' id='word_1_228' title='bbox 56 3082 359 3127; x_wconf 86' lang='lat' dir='ltr'>Mediolani</span> <span class='ocrx_word' id='word_1_229' title='bbox 393 3082 584 3139; x_wconf 84' lang='lat' dir='ltr'>(Milano)</span> <span class='ocrx_word' id='word_1_230' title='bbox 618 3085 661 3127; x_wconf 90' lang='lat' dir='ltr'>in</span> <span class='ocrx_word' id='word_1_231' title='bbox 694 3085 957 3127; x_wconf 88' lang='lat' dir='ltr'>bibliotheca</span> <span class='ocrx_word' id='word_1_232' title='bbox 991 3085 1265 3126; x_wconf 85' lang='lat' dir='ltr'>ambrosiana</span> <span class='ocrx_word' id='word_1_233' title='bbox 1302 3081 1380 3137; x_wconf 82' lang='lat'>(3):</span> 
     </span>
    </p>

    <p class='ocr_par' dir='ltr' id='par_1_22' title="bbox 56 3150 1855 3274">
     <span class='ocr_line' id='line_1_34' title="bbox 56 3150 1855 3209; baseline -0.002 -12"><span class='ocrx_word' id='word_1_234' title='bbox 56 3154 333 3198; x_wconf 85' lang='lat' dir='ltr'>Monachii</span> <span class='ocrx_word' id='word_1_235' title='bbox 368 3154 612 3209; x_wconf 79' lang='lat' dir='ltr'>(Miinchen)</span> <span class='ocrx_word' id='word_1_236' title='bbox 646 3156 689 3197; x_wconf 90' lang='lat' dir='ltr'>in</span> <span class='ocrx_word' id='word_1_237' title='bbox 722 3155 898 3198; x_wconf 87' lang='lat' dir='ltr'>archivo</span> <span class='ocrx_word' id='word_1_238' title='bbox 923 3155 1067 3197; x_wconf 89' lang='lat' dir='ltr'>curiae</span> <span class='ocrx_word' id='word_1_239' title='bbox 1092 3154 1473 3209; x_wconf 81' lang='lat' dir='ltr'>archiepiscopalis</span> <span class='ocrx_word' id='word_1_240' title='bbox 1497 3150 1575 3206; x_wconf 77' lang='lat' dir='ltr'>(l):</span> <span class='ocrx_word' id='word_1_241' title='bbox 1610 3153 1653 3194; x_wconf 89' lang='lat' dir='ltr'>in</span> <span class='ocrx_word' id='word_1_242' title='bbox 1677 3151 1855 3194; x_wconf 82' lang='lat' dir='ltr'>archivo</span> 
     </span>
     <span class='ocr_line' id='line_1_35' title="bbox 174 3217 1854 3274; baseline -0.002 -11"><span class='ocrx_word' id='word_1_243' title='bbox 174 3222 382 3264; x_wconf 87' lang='lat' dir='ltr'>ecclesiae</span> <span class='ocrx_word' id='word_1_244' title='bbox 429 3225 468 3263; x_wconf 67' lang='lat' dir='ltr'>S.</span> <span class='ocrx_word' id='word_1_245' title='bbox 514 3222 739 3264; x_wconf 82' lang='lat' dir='ltr'>Michaelis</span> <span class='ocrx_word' id='word_1_246' title='bbox 785 3219 862 3274; x_wconf 81' lang='lat' dir='ltr'>(l):</span> <span class='ocrx_word' id='word_1_247' title='bbox 913 3222 955 3262; x_wconf 88' lang='lat' dir='ltr'>in</span> <span class='ocrx_word' id='word_1_248' title='bbox 1002 3220 1178 3262; x_wconf 85' lang='lat' dir='ltr'>archivo</span> <span class='ocrx_word' id='word_1_249' title='bbox 1227 3219 1390 3261; x_wconf 83' lang='lat' dir='ltr'>maiore</span> <span class='ocrx_word' id='word_1_250' title='bbox 1436 3222 1580 3261; x_wconf 82' lang='lat' dir='ltr'>status</span> <span class='ocrx_word' id='word_1_251' title='bbox 1629 3217 1854 3267; x_wconf 82' lang='lat' dir='ltr'>(..Reichs-</span> 
     </span>
    </p>
   </div>
  </div>
 </body>
</html>
