2073 3510
191 220 226 256 8(
236 223 273 257 ih*
901 214 996 249 Mon.
1020 215 1122 250 1489.
1168 216 1270 250 1590.

188 334 332 370 cationi.
370 334 463 368 inter
498 334 643 377 primos.
681 346 809 368 nomen
846 346 951 369 suum
988 335 1135 371 inscribi
1164 336 1338 370 curavit*
1395 336 1567 372 Eiusdem
1604 338 1686 373 libri
1714 344 1824 385 caput
1850 342 1985 378 XXIII.

186 371 237 421 sie
264 388 408 431 incipit:
441 388 500 429 „In
520 388 673 432 Prologo
700 389 917 424 monuimus.
946 390 1039 433 quod
1058 390 1286 424 Venerabilis
1313 402 1354 424 ac
1374 391 1509 425 Beatae
1535 393 1732 429 memoriae
1760 395 1987 432 clarissimus

187 443 241 476 vir
268 442 306 476 P.
326 442 457 476 Petrus
485 442 652 477 Canisius
679 443 793 477 vitam
821 442 854 478 S.
883 443 990 478 Iddae
1017 445 1306 488 conscripserit*
1362 445 1407 479 (32,
1436 445 1475 479 ln
1502 448 1750 483 monumentis
1775 462 1840 493 per
1866 452 1988 485 Fran-

185 500 311 530 cis-cum
331 496 497 531 abbatem
516 496 797 541 fischingensem
816 498 979 532 collectis
998 502 1078 533 eta.
1096 499 1188 533 1745
1206 511 1270 542 per
1284 499 1497 534 Mauritium
1514 500 1680 536 Chardon
1695 502 1729 538 S.
1744 503 1766 537 J
1770 532 1789 544 .‚
1809 508 1987 540 rectorem

185 550 327 594 collegii
355 551 647 591 constantiensis,
674 551 935 596 hagiographis
962 552 1204 587 bollandianis
1231 553 1460 588 transmissis
1486 554 1575 589 haec
1603 556 1791 593 dicuntur:
1828 558 1986 594 Christo-

184 604 317 647 phorus
354 605 516 639 Brunner
554 605 665 640 abbas
704 617 745 640 ac
784 607 993 641 monasterii
1034 607 1290 650 fischingensis
1333 608 1516 643 secundus
1556 610 1728 646 fundator
1776 613 1987 657 „legendam

186 660 217 693 S.
240 658 365 692 Iddae“
395 671 459 702 per
485 659 603 693 virum
631 659 775 694 doctum
807 661 921 701 „omni
949 662 1068 695 studio
1096 665 1130 695 et
1158 661 1348 705 diligentia
1375 674 1417 696 ac
1443 663 1511 697 sub
1530 664 1650 699 iurata
1675 666 1745 700 fide
1764 667 1986 711 rigidissime

185 712 480 747 examinandam*
500 713 652 748 curavit.
670 743 676 749 .
694 743 700 749 .
719 743 724 749 .
749 715 905 756 ,Verum
920 716 1071 750 necdiun
1087 716 1213 749 volens
1232 717 1474 759 acquiescere.
1494 718 1684 763 legenda-m
1698 720 1793 756 hanc
1806 722 1849 757 D.
1865 723 1985 765 Iddae,

185 770 222 800 ut
250 766 343 801 foret
369 778 459 810 opus
485 767 651 802 omnibus
677 769 837 803 numeris
864 769 1080 809 absolutum,
1109 770 1176 803 rite
1201 771 1448 806 examinatam
1475 775 1511 806 et
1529 775 1766 817 approbatam
1786 777 1987 812 venerabili

185 824 217 855 et
255 821 433 855 eximiae²¹
469 822 677 857 sanctitatis
709 823 787 857 viro
824 827 857 858 et
887 824 1139 858 Helvetiarum
1176 825 1438 868 antiquitatum
1474 828 1708 871 peritissimo.
1746 830 1788 865 R.
1818 831 1856 866 P.
1878 832 1985 867 Petro

185 875 328 909 Canisio
355 889 373 910 e
401 876 477 911 Soc.
499 877 589 917 lesu,
618 877 833 922 Friburgum
854 876 1139 913 Aventicoruml'
1166 881 1508 923 recognoscentiam.
1536 886 1573 917 et
1599 895 1666 918 sua
1693 885 1803 920 etiam
1832 887 1985 921 auctori-

184 933 259 963 tate
286 930 561 973 approbandam,
596 932 813 975 tandemque
840 933 937 976 prelo
966 933 1118 967 dandam
1145 934 1359 969 transmisit.
1413 935 1578 971 Devotus
1607 938 1646 973 P.
1668 938 1837 975 Canisius
1864 941 1985 976 domni

183 983 326 1018 abbatis
351 984 431 1028 piae
459 985 639 1019 devotioni
667 986 918 1021 lubentissime
945 999 1118 1025 annuens.
1147 988 1337 1032 legendam
1366 989 1399 1024 S.
1420 990 1528 1025 Iddae
1555 992 1591 1026 in
1619 993 1750 1028 ultima
1775 1006 1842 1030 sua
1869 996 1984 1041 aegri-

184 1038 317 1076 tudine,
354 1042 394 1072 ut
420 1039 542 1073 videre
578 1044 634 1074 est
669 1041 762 1084 apud
790 1041 1077 1075 illustrissimum
1105 1042 1301 1077 Henricum
1330 1045 1475 1079 Murerc
1502 1046 1537 1080 in
1566 1047 1644 1082 eius
1671 1048 1770 1089 Vita,
1810 1050 1914 1093 quasi
1942 1051 1984 1086 de

184 1104 275 1126 novo
302 1094 507 1137 resumpsit.
536 1095 760 1138 conseripsit.
798 1095 985 1139 impressis
1020 1096 1103 1130 hinc
1131 1096 1212 1131 inde
1239 1097 1404 1134 mirificis
1431 1101 1727 1137 annotationibus
1759 1108 1796 1138 et
1822 1104 1986 1140 doctrina

183 1147 320 1182 morali.
356 1147 513 1182 maxime
541 1152 664 1183 contra
691 1150 834 1183 noviter
859 1150 1091 1191 acatholicos,
1129 1154 1337 1187 sanctorum
1365 1153 1633 1190 invocationem
1661 1160 1697 1191 et
1723 1159 1862 1193 cultum
1889 1159 1983 1194 blas-

182 1200 404 1244 phemantes.
434 1202 621 1245 ampliavit
650 1206 686 1237 et
712 1204 856 1237 tandem
884 1204 920 1237 in
947 1204 1063 1238 lucem
1092 1205 1189 1240 dedit
1215 1206 1382 1251 Friburgi
1410 1221 1503 1243 anno
1524 1210 1616 1245 1590
1635 1212 1679 1246 ad
1699 1212 1844 1247 initium
1863 1214 1980 1250 1111111.δι

184 1255 470 1290 Usmfraternitas
489 1256 521 1290 S.
544 1257 649 1290 Iddae
681 1257 794 1298 „circa
823 1269 955 1292 annum
984 1260 1076 1293 1580
1103 1259 1246 1294 initium
1273 1263 1430 1306 sumpsit
1458 1264 1493 1297 in
1522 1265 1677 1301 ecclesia.
1704 1278 1745 1301 ac
1764 1269 1983 1303 monasterio

182 1308 443 1353 Fischingensi.
471 1312 682 1345 confirmata
709 1315 764 1345 est
792 1312 835 1345 27
864 1312 965 1346 11111111
993 1313 1154 1348 eiusdem
1181 1315 1264 1349 anni
1289 1316 1334 1350 ab
1353 1317 1641 1354 eminentissimo
1667 1321 1829 1366 principe
1853 1326 1890 1356 et
1908 1334 1983 1357 car-

182 1362 291 1397 dinali
319 1363 352 1398 S.
372 1364 412 1398 R.
434 1364 471 1398 E.
494 1364 615 1398 Marco
643 1364 780 1400 SitticO.
809 1366 1078 1411 archiepiscopo
1106 1368 1374 1414 Salisburgensi
1391 1371 1400 1389 ¹
1437 1376 1473 1406 et
1500 1374 1668 1418 episcopo
1697 1375 1983 1412 Constantiensi.

181 1416 377 1451 Potissima
403 1429 512 1452 causa
548 1418 617 1452 fuit
645 1419 688 1453 V.
709 1419 746 1454 P.
768 1420 898 1454 Petrus
926 1420 1094 1456 Canisius
1121 1434 1139 1456 e
1167 1422 1348 1459 Societate
1377 1426 1458 1460 Iesu
1486 1427 1547 1470 qui
1575 1428 1611 1462 in
1638 1441 1782 1464 omnem
1809 1431 1852 1466 D.
1873 1431 1982 1466 Iddae

181 1470 317 1504 cultum
345 1471 515 1507 intentus.
543 1484 613 1506 non
640 1476 781 1507 tantum
809 1474 999 1515 laboravit,
1027 1479 1068 1509 ut
1094 1476 1129 1510 in
1156 1476 1328 1512 honorem
1356 1478 1389 1514 S.
1410 1480 1518 1515 Iddae
1546 1482 1829 1519 confraternitas
1856 1485 1981 1529 aliqua

181 1525 389 1569 erigeretur,
419 1538 543 1560 verum
571 1527 679 1561 etiam
708 1528 783 1571 ipse
811 1529 932 1563 verbis
956 1533 992 1564 et.
1020 1531 1128 1565 factis
1147 1532 1263 1566 eidem
1282 1536 1554 1579 congregationi
1576 1536 1671 1571 inter
1695 1538 1833 1582 primos
1851 1551 1982 1574 nomen

180 1590 283 1613 suum
312 1580 457 1614 inscribi
485 1582 646 1616 curavit*
683 1584 784 1617 ..leta
815 1584 1026 1618 A&brunsw-une
1061 1586 1288 1628 Novembris.
1326 1588 1427 1623 Tomi
1456 1590 1488 1624 II
1512 1591 1617 1626 Pars
1651 1592 1758 1636 prior.
1796 1594 1982 1628 Bruxellis

182 1634 283 1670 1894.
313 1635 419 1669 103ἡ
434 1635 500 1668 104
528 1636 618 1670 116ὶ.

300 1688 371 1722 Cur
397 1688 564 1723 Canisius
599 1689 683 1724 huic
720 1690 809 1725 libro
845 1704 914 1726 non
950 1693 1120 1737 ascripsit
1156 1707 1285 1730 nomen
1317 1708 1434 1733 suum.
1473 1698 1567 1742 quod
1594 1699 1683 1735 vitis
1711 1701 1771 1737 SS.
1792 1701 1980 1740 Fridolini.

180 1742 294 1782 Beati,
332 1743 503 1780 Mauritii.
541 1744 625 1778 Ursi
661 1757 681 1779 a
716 1757 755 1779 se
783 1746 889 1780 editis
925 1748 1126 1792 ascripsit?
1176 1749 1358 1789 Fortasse.
1388 1764 1457 1796 quo
1494 1754 1642 1789 facilius
1671 1756 1763 1790 liber
1788 1756 1850 1790 ille
1877 1769 1898 1791 a
1924 1757 1980 1791 Fi-

180 1795 456 1840 schingensibus
483 1801 591 1841 atque
619 1810 639 1832 a
664 1800 865 1844 peregrinis
891 1801 1125 1847 Fischingam
1153 1804 1198 1838 ad
1225 1806 1433 1849 sepulcrum
1461 1807 1495 1842 S.
1516 1808 1600 1842 Idae
1628 1810 1860 1845 venientibus
1887 1823 1980 1845 eme-

180 1853 278 1883 retur
304 1853 340 1884 et
366 1851 590 1886 retineretur.
636 1853 790 1887 Nam‘et
808 1854 1040 1900 Fischingam
1068 1860 1105 1891 et
1123 1858 1201 1892 eius
1228 1859 1399 1894 viciniam
1427 1863 1752 1904 protestantismus
1780 1865 1977 1900 invaserat.

185 1904 471 1939 protestantibus
497 1910 618 1941 autem
647 1907 782 1942 Canisii
809 1922 938 1944 nomen
966 1923 1117 1946 exosum
1145 1917 1233 1949 erat.

301 1959 399 2003 Opus
434 1960 510 1997 hoe,
548 1961 615 1995 etsi
644 1963 778 1997 multas
805 1965 965 1999 continet
992 1966 1174 2002 doctrinas
1205 1968 1412 2005 hominibus
1439 1972 1704 2008 ecclesiasticis
1733 1978 1767 2008 et
1796 1975 1980 2019 religiosis

182 2012 299 2051 utiles.
333 2015 523 2058 praecipue
551 2019 671 2050 tamen
698 2018 911 2063 coniugibus
939 2020 1160 2056 destinatum
1188 2026 1254 2058 est.
1311 2025 1482 2059 Canisius
1508 2026 1629 2070 planis
1658 2029 1780 2063 verbis
1807 2029 1979 2070 affirmat,

181 2067 445 2102 matrimonium
483 2081 502 2103 a
530 2070 604 2103 Deo
632 2071 666 2104 in
703 2073 868 2115 paradiso
896 2074 1116 2115 institutum,
1154 2089 1174 2111 a
1202 2078 1345 2113 Christo
1383 2079 1418 2114 in
1445 2082 1636 2126 evangelio
1664 2083 1916 2118 confirmatum
1944 2088 1981 2118 et

180 2122 395 2156 sacramenti
432 2123 608 2167 dignitate
636 2130 801 2160 ornatum
829 2139 908 2162 esse
935 2137 980 2172 sp.
1003 2131 1044 2165 7ῑ.
1102 2132 1251 2172 „Urleich
1280 2134 1346 2168 wie
1374 2135 1439 2169 das
1475 2136 1558 2179 gold
1587 2137 1657 2171 alle
1685 2138 1819 2173 anedre
1846 2138 1980 2173 schone

183 2174 276 2208 vnnd
312 2176 389 2209 edle
417 2177 541 2211 Metall
569 2179 760 2217 vbertrifft.
798 2182 874 2216 also
902 2184 969 2217 soll
998 2185 1089 2219 auch
1117 2186 1172 2220 die
1201 2187 1373 2222 Eheliche
1401 2189 1488 2223 Lieb
1516 2190 1604 2225 vber
1631 2192 1701 2226 alle
1730 2192 1979 2227 Menschliche

183 2228 264 2261 Lieb
300 2229 509 2273 gescliiitzet
546 2233 615 2266 vnd
653 2234 820 2277 gehalten
861 2238 1022 2271 werden*
1053 2251 1097 2282 p.
1121 2241 1185 2275 10‘.
1239 2241 1417 2286 Pleraque
1454 2256 1498 2278 ex
1532 2244 1730 2280 miraculis.
1769 2258 1862 2290 quae
1897 2250 1981 2291 post

184 2282 262 2316 ldae
299 2287 447 2317 mortem
485 2285 562 2319 eius
597 2286 854 2323 intercessione
882 2302 902 2324 a
929 2291 1003 2325 Deo
1038 2296 1183 2336 patrata
1211 2307 1291 2330 esse
1318 2297 1521 2333 traduntur.
1562 2298 1690 2334 locum.
1719 2303 1874 2344 tempus
1902 2313 1978 2345 per-

179 2348 346 2371 sonarum
382 2339 526 2373 nomina
561 2340 627 2374 sibi
665 2342 799 2377 habent
834 2345 1011 2389 ascripta:
1050 2360 1172 2383 eorum
1200 2350 1321 2393 aliqua
1349 2352 1455 2386 annis
1484 2353 1586 2390 1576,
1627 2354 1728 2389 1579.
1760 2355 1851 2389 1586
1879 2355 1979 2390 facta

179 2394 263 2424 sunt
288 2394 516 2434 11180412.
569 2394 705 2429 Versus
743 2397 834 2434 illos.
872 2411 961 2442 quos
988 2413 1097 2445 supra
1125 2406 1415 2446 commemoravi.
1454 2419 1522 2441 non
1550 2407 1594 2441 ab
1622 2407 1700 2452 ipso
1729 2409 1885 2445 Canisio.
1914 2409 1976 2444 sed

179 2458 219 2477 eo
255 2449 399 2480 auctore
435 2459 455 2480 a
484 2449 673 2483 Fadana»
705 2452 1009 2497 Lantens‹·lal‹qsm·‚
1047 2457 1106 2499 qui
1144 2457 1309 2502 Friburgi
1352 2460 1667 2505 ..ludimagistrum
1705 2463 1974 2506 germanicum'*

179 2499 319 2543 agebat,
356 2501 572 2544 compositos
600 2516 679 2537 esse
715 2509 811 2548 puto.
869 2507 900 2540 Is
927 2513 1024 2543 certe
1051 2514 1126 2544 tum
1156 2524 1186 2546 a.
1209 2513 1299 2546 1607
1329 2513 1585 2549 88.Ῐ1’101111·3(11
1616 2519 1652 2550 et
1678 2516 1850 2551 Fridolini
1880 2518 1978 2552 vitas

178 2554 333 2587 carmine
370 2567 389 2588 a
425 2568 463 2590 se
499 2557 699 2601 descriptas
739 2560 899 2606 Friburgi
938 2564 1059 2601 edidit.
1099 2568 1175 2600 tum
1212 2580 1242 2602 a..
1268 2569 1357 2602 1608
1394 2569 1524 2603 ibidem
1555 2570 1669 2605 vitam
1702 2570 1735 2606 S.
1758 2572 1919 2606 Mauritii
1957 2584 1979 2607 a

179 2608 322 2642 (fanisio
349 2611 583 2653 compositam
614 2614 778 2648 versibus
805 2615 964 2651 breviter
990 2620 1261 2662 comprehendit
1282 2623 1434 2664 Jlallw,
1462 2624 1671 2658 Bibliothek
1692 2624 1756 2659 Vll
1788 2625 1856 2659 516
1883 2626 1975 2661 566Σ

298 2664 397 2704 Quod
426 2664 592 2699 Canisius
629 2669 938 2705 eonfraternitatis
965 2673 997 2706 S.
1031 2673 1110 2707 ldae
1148 2678 1183 2709 et
1219 2680 1345 2710 auctor
1371 2680 1405 2711 et
1435 2689 1528 2711 unus
1555 2690 1600 2712 ex
1637 2678 1764 2722 primis
1791 2679 1977 2715 sodalibus

178 2729 256 2747 esse
293 2717 456 2753 traditur.
494 2719 601 2753 huius
637 2722 841 2758 traditionis
870 2726 1024 2769 vestigia
1053 2731 1136 2762 ante
1164 2741 1194 2763 a.
1218 2731 1307 2763 1685
1335 2743 1403 2765 11011
1431 2736 1618 2775 apparent.
1672 2732 1794 2768 Facile
1831 2734 1975 2777 quidem

178 2770 271 2803 rredi
306 2774 435 2813 potest.
473 2785 563 2809 eum.
599 2787 667 2818 qua
696 2780 771 2811 erat
800 2778 834 2811 in
863 2780 1013 2813 Sanctos
1041 2782 1186 2825 pietate.
1226 2796 1352 2819 nomen
1381 2797 1485 2819 suum
1515 2787 1808 2822 c‹mt'1·atcl·nitati
1839 2788 1889 2822 illi
1919 2788 1975 2822 de-

178 2824 291 2858 disse:
320 2825 414 2859 sieut
440 2827 574 2870 aliquot
608 2831 711 2863 annis
748 2836 828 2874 post
855 2833 1017 2868 Soloduri
1046 2838 1336 2872 contraternitati
1366 2840 1399 2873 S.
1423 2839 1517 2874 Ursi.
1546 2852 1615 2873 non
1648 2844 1778 2884 rogatu
1806 2852 1882 2876 suo.
1910 2853 1976 2876 sua

178 2883 295 2911 tamen
325 2880 510 2915 voluntate
538 2883 718 2927 ascriptus
746 2890 799 2919 est
841 2888 885 2921 of.
905 2900 1015 2931 supra
1042 2902 1073 2933 p.
1094 2890 1164 2924 470
1183 2892 1274 2931 473.
1312 2893 1372 2926 Sin
1393 2897 1514 2927 autem
1540 2894 1761 2931 affirmatur.
1790 2895 1975 2930 Canisium

178 2932 462 2967 «-‹xnfraternitati
501 2937 533 2969 S.
569 2936 646 2971 ldae
684 2938 925 2974 instituendae
962 2955 1106 2985 operam
1144 2945 1286 2980 dedisse
1324 2946 1490 2990 hancque
1528 2948 1599 2982 iam
1630 2960 1676 2982 111.
1698 2948 1798 2983 1111110
1825 2961 1856 2983 a.
1886 2950 1977 2984 1580

178 2985 221 3017 ab
280 2986 444 3030 episeopo
482 2991 727 3025 confirmatam
765 3006 855 3031 esse,
894 2995 1081 3031 dicendum
1118 3003 1184 3034 est.
1223 3000 1287 3035 hor
1317 3000 1452 3035 Canisii
1492 3002 1644 3037 factum.
1682 3005 1877 3046 antequam
1914 3004 1974 3038 ille

180 3038 210 3070 in
236 3039 434 3074 llelvetiam
456 3043 675 3080 advenisset.
696 3047 912 3091 contigisse:
940 3050 972 3083 id
993 3052 1085 3093 quod
1108 3053 1257 3087 forsitan
1279 3054 1397 3089 minus
1418 3055 1524 3089 t'aeile
1544 3056 1683 3089 creditu
1703 3060 1768 3091 est.
1803 3058 1973 3092 Attamen

298 3125 324 3140 w
347 3121 469 3142 rursm-i
491 3129 526 3144 m·
547 3121 666 3147 eximio.
752 3123 781 3147 bv
803 3128 926 3150 ‘'orma-i
947 3136 983 3151 ‹21-
1005 3129 1214 3156 Aventiorum.
1302 3132 1328 3159 e)
1351 3134 1474 3157 ‘'m-reri
1495 3142 1531 3157 mr
1553 3133 1677 3163 Moser:
1700 3143 1722 3159 r.
1745 3143 1837 3166 snpra
1859 3144 1887 3166 p.
1910 3139 1971 3161 807,

302 3200 306 3217 ¹
338 3202 411 3235 Non
451 3204 516 3238 hie.
554 3207 614 3239 sed
653 3213 828 3247 cognatus
865 3211 951 3246 eius.
992 3212 1082 3247 idem
1120 3226 1247 3248 nomen
1285 3216 1431 3251 liabens.
1470 3218 1766 3262 archiepiseopus
1802 3219 1972 3254 salisbur-

180 3253 298 3287 gensis
329 3255 404 3289 suit.
