2073 3510
504 236 674 279 Frilmrgo
705 235 951 268 Helvetiorum
983 236 1083 268 initio
1112 248 1154 269 111.
1181 237 1331 269 lannarii
1368 238 1464 271 insa.
1802 242 1870 281 131

87 359 225 401 stolus
259 357 584 399 haereticos
618 356 905 398 deuitare¹
944 355 1073 399 iubet,
1110 356 1178 409 qni
1217 372 1368 411 nempe
1394 362 1487 412 post
1515 359 1707 401 anditum
1739 362 1885 402 110011·-

87 424 176 466 siae
200 423 400 466 iudicium
426 438 526 465 suos
546 426 723 465 tuentur
743 437 912 463 01101·ομΥ
932 421 1163 463 obstinate.
1204 423 1518 465 lin-onnnodnni
1541 428 1620 467 ‹as-t.
1644 426 1886 468 haereticos

88 505 235 532 omnes
259 490 406 531 eodem
434 489 565 531 ueluti
592 489 699 543 pede
723 488 878 531 metiri.
910 503 1049 541 neque
1073 487 1301 529 discrimen
1327 492 1522 531 statuere
1549 490 1659 532 inter
1683 493 1886 534 seductos

89 560 132 599 et
165 556 430 598 seductores,
467 555 585 600 inter,
613 554 846 608 discipulos
880 557 919 595 et
957 553 1192 607 magistros
1227 569 1433 596 errorum.
1486 558 1610 598 (¹‹·rt‹=
1645 557 1677 598 si
1704 558 1754 599 110
1781 561 1886 600 (101·-

88 621 225 664 manis
250 622 487 675 loquannn·.
525 620 688 662 infinita
712 620 880 661 illorum
907 621 1032 661 turba
1059 622 1138 665 est,
1165 620 1234 673 qui
1260 620 1383 661 nouis
1407 622 1647 664 adhaerent
1671 625 1884 679 svrtarijs.

88 691 132 730 et.
174 687 285 729 circa
333 687 552 741 religionis
595 686 835 728 doctrinam
881 689 1042 729 errant,
1088 686 1161 727 sed
1197 686 1270 728 ita.
1318 690 1361 728 ut
1407 687 1573 728 illorum
1620 704 1789 730 errores
1833 706 1885 732 ex

89 753 334 809 ignorantia
370 753 514 808 potius
538 768 665 807 qnam
696 752 865 794 malicia
891 752 1233 806 proficiscantur.
1287 754 1447 794 Errant
1475 753 1660 807 inquam.
1696 756 1769 797 sed
1796 757 1887 798 sim·

87 819 376 863 contentione,
421 819 512 860 sine
547 818 787 874 peruicacia
824 821 867 861 et
901 818 1214 860 obstinatnme:
1260 822 1406 860 errant
1443 823 1487 861 nt
1524 820 1744 874 plin—rique·
1782 825 1887 863 (ier-

87 886 214 930 mani.
250 888 406 927 natura
432 885 661 940 simplices.
700 885 839 928 rudes.
875 884 1025 926 faciles
1050 884 1103 925 ad
1128 899 1177 926 ea
1202 884 1459 929 iinbibonda,
1496 900 1606 939 qnae
1643 886 1683 927 in
1716 887 1885 929 haeresi

90 953 306 994 Luterana
331 951 423 993 nati
460 955 501 993 et
537 951 721 995 educati.
756 950 916 1005 partim
951 950 993 992 in
1027 950 1198 993 scholis.
1234 950 1394 1006 partim
1430 951 1469 992 in
1506 951 1691 1006 templis,
1728 953 1886 1007 partim

87 1018 128 1060 in
162 1018 336 1073 scriptis
369 1017 602 1060 haereticis
636 1017 890 1059 didicerunt.
940 1020 1081 1066 Quare
1115 1016 1156 1058 hi
1191 1017 1319 1071 longe
1353 1017 1524 1058 facilius
1558 1021 1690 1072 atque
1725 1019 1885 1063 utilius.

87 1099 214 1139 quam
249 1084 321 1138 alij
357 1084 595 1129 doctiores,
641 1087 693 1126 et
736 1083 788 1125 in
831 1083 1102 1125 cathedra
1145 1083 1521 1138 pestilentiae
1563 1084 1630 1125 uel
1665 1084 1887 1127 irrisorum

86 1151 401 1194 sedentes?
446 1150 643 1200 tractari,
689 1149 842 1192 instrui
888 1152 1020 1203 atque
1063 1148 1258 1191 conuerti
1302 1152 1496 1204 possunt.
1553 1150 1794 1197 Postremo,
1840 1156 1888 1193 ut

87 1217 217 1259 semel
261 1216 419 1267 finiam,
465 1216 780 1258 incommodum
825 1218 904 1265 est,
952 1230 1003 1257 ea
1046 1215 1153 1257 uitia
1195 1215 1237 1257 in
1280 1215 1513 1258 haereticis
1557 1217 1886 1271 reprehendere,

87 1298 197 1338 quae
230 1283 273 1325 in
297 1282 532 1325 Catholicis
564 1282 695 1325 etiam
721 1285 769 1324 ut
792 1281 1023 1337 plurimum
1046 1282 1242 1324 haerent.
1279 1285 1322 1324 et
1352 1282 1459 1324 mori
1495 1286 1669 1337 recepto
1704 1283 1886 1338 patriae.

87 1352 163 1391 aut
197 1348 443 1391 educationi
477 1350 530 1391 ab
563 1348 760 1404 plurimis
794 1348 1078 1403 imputantur.
1130 1347 1214 1390 Vbi
1237 1348 1451 1402 quaedam
1475 1348 1566 1390 siue
1591 1349 1704 1403 apud
1729 1350 1888 1391 Catho-

86 1415 204 1466 licos,
240 1415 331 1457 siue
366 1415 480 1470 apud
514 1414 759 1457 haereticos
784 1414 1057 1456 dissimulare
1080 1417 1292 1469 praestat.
1328 1429 1457 1468 quam
1492 1414 1634 1456 acrius
1668 1415 1888 1470 attingere

86 1481 275 1532 hulcera,
321 1496 431 1535 quae
475 1480 510 1522 si
552 1480 729 1522 nimium
775 1496 950 1535 urgeas,
994 1480 1166 1522 facilius
1209 1480 1359 1535 augeri
1403 1496 1531 1535 quam
1575 1481 1721 1523 sanari
1760 1497 1888 1536 posse

89 1547 331 1589 uideantur
382 1548 431 1589 In
464 1547 544 1589 hoc
578 1561 737 1601 genere
780 1550 881 1589 sunt
916 1546 1313 1590 commessationes,
1358 1547 1614 1590 ebrietates.
1650 1547 1791 1592 luxus.
1837 1548 1888 1590 de

87 1613 224 1656 sacris
266 1613 516 1668 disputandi
558 1613 817 1668 legendique
859 1613 1053 1663 libertas,
1098 1616 1142 1655 et
1176 1628 1286 1667 quae
1321 1613 1373 1655 ad
1415 1613 1653 1655 communis
1687 1613 1804 1655 uitae
1837 1613 1888 1655 11-

87 1679 275 1722 centiam
307 1679 485 1721 nimium
518 1679 822 1722 inueteratam.
867 1694 945 1721 nec
979 1679 1119 1721 minus
1154 1694 1178 1721 a
1212 1679 1334 1721 Clero
1379 1694 1506 1733 quam
1550 1679 1708 1734 populo
1743 1694 1888 1722 corro-

86 1747 286 1788 boratam
319 1745 552 1801 pertinent.

209 1832 246 1872 3
282 1831 372 1872 Iam
407 1844 510 1872 uero
543 1830 684 1872 media
719 1833 762 1872 et
797 1830 985 1872 remedia
1026 1830 1274 1884 quaerenda
1308 1833 1422 1873 sunt.
1464 1845 1646 1884 quorum
1681 1830 1888 1872 salutaris

89 1912 192 1938 usus
239 1911 333 1938 esse
379 1896 518 1951 possit
563 1895 606 1937 in
647 1896 880 1938 haereticis
925 1899 1174 1938 nostrorum
1220 1911 1350 1951 opera
1395 1900 1628 1950 utcumque
1671 1896 1887 1947 curandis,

88 1977 254 2005 summo
288 1962 552 2016 coelestique
586 1962 751 2005 medico
776 1962 947 2005 Christo
981 1962 1024 2004 in
1055 1962 1205 2017 primis
1241 1977 1364 2005 suam
1388 1962 1578 2004 diuinam
1612 1961 1889 2017 impertiente

88 2028 289 2083 gratiam.
334 2032 382 2071 ut
416 2028 531 2070 coeci
571 2029 614 2070 in
655 2028 848 2071 tenebris
890 2028 1089 2084 pessimis
1129 2031 1357 2071 uersantes
1400 2028 1698 2070 illuminentur
1713 2029 1739 2070 ³⁵.
1805 2028 1889 2071 Vbi

87 2095 311 2150 probanda
345 2094 388 2136 in
421 2095 570 2149 primis
604 2095 677 2136 illa
702 2094 885 2137 dixerim
909 2094 1120 2137 antidota.
1157 2109 1268 2149 quae
1302 2094 1344 2136 in
1378 2094 1574 2149 collegijs
1607 2095 1770 2137 nostris
1803 2094 1889 2137 iam

88 2160 253 2216 pridem
287 2161 497 2203 aduersus
530 2161 797 2203 haereticam
839 2164 1007 2216 pestem
1042 2164 1230 2217 recepta.
1276 2164 1319 2203 et
1362 2160 1568 2203 laudabili
1609 2161 1888 2215 collegiorum

87 2230 336 2269 nostrorum
370 2242 450 2269 usu
484 2229 766 2282 comprobata
800 2230 914 2277 sunt,
958 2227 1160 2270 nimirum
1203 2228 1317 2281 quod
1351 2231 1393 2269 et
1427 2227 1549 2282 pueri
1589 2230 1633 2269 et
1673 2227 1890 2281 simplices

89 2293 131 2335 in
163 2293 322 2335 scholis
365 2296 409 2335 et
441 2293 616 2348 templis
650 2293 920 2336 Catholicum
960 2308 1061 2335 uere
1095 2293 1414 2336 (Tatechismum
1449 2308 1473 2335 a
1506 2293 1669 2335 nostris
1703 2308 1757 2335 ex
1790 2308 1890 2348 pro-

89 2359 205 2401 fesso
249 2359 478 2402 docentur.
523 2359 735 2414 simulque
777 2359 820 2401 in
863 2374 912 2402 eo
956 2360 1167 2402 aduersus
1209 2359 1457 2402 haereticae
1503 2359 1726 2401 doctrinae
1773 2359 1891 2401 uirus

91 2425 462 2480 praenmniuntur.
514 2425 679 2468 Deinde
713 2426 827 2480 quod
850 2425 1210 2468 scholasticorum
1238 2426 1335 2468 albo
1358 2440 1445 2468 non
1468 2425 1774 2471 inscribuntur,
1809 2425 1891 2467 nisi

91 2491 163 2545 qui
196 2493 272 2533 aut
306 2505 407 2533 uere
441 2491 529 2533 sint
552 2492 775 2540 Catholici,
812 2495 889 2534 aut
912 2491 1265 2534 Catholicismum
1300 2491 1516 2547 amplecti.
1552 2505 1684 2545 seque
1718 2491 1816 2546 alijs
1849 2491 1891 2532 in

88 2557 171 2599 fide
214 2571 264 2599 ac
306 2557 515 2612 religione
565 2558 837 2600 conformare
880 2558 1209 2613 promittant²¹⁴.
1267 2557 1416 2600 Tertio
1462 2558 1575 2611 quod
1622 2572 1677 2599 ex
1721 2557 1891 2599 haeresi

91 2623 323 2665 redeuntes
365 2638 491 2665 suum
525 2638 547 2665 e
580 2623 742 2666 nostris
786 2623 1004 2679 accipiunt
1043 2623 1382 2667 Cathechistam.
1428 2639 1451 2665 a
1496 2638 1579 2678 quo
1623 2623 1676 2665 ad
1720 2625 1892 2677 tempus

210 2720 237 2743 a)
264 2719 335 2742 Vide
358 2719 452 2750 infra,
473 2719 572 2743 (alnos.
596 2721 621 2743 2.

91 2846 182 2878 tunt.
234 2843 339 2878 Hunc
373 2843 486 2888 igitur
510 2843 740 2887 potissimum
777 2844 928 2888 gradum
957 2843 1179 2877 obstruimus
1205 2856 1274 2877 11011
1303 2843 1515 2877 admittendi
1544 2854 1605 2875 eos
1638 2842 1681 2876 ad
1710 2841 1820 2875 ullam
1848 2841 1890 2874 de

91 2898 281 2941 scripturis
318 2897 632 2941 disputationem.“
688 2898 727 2932 Id
755 2898 848 2942 quod
876 2897 989 2932 variis
1016 2897 1217 2931 rationibus
1243 2897 1371 2940 prohat
1398 2900 1433 2930 et
1466 2896 1645 2939 explicat:
1683 2895 1810 2929 deinde
1837 2895 1890 2929 sic

92 2951 293 2986 concludit:
325 2951 498 2993 ‚Constat
524 2952 616 2985 ratio
643 2952 818 2995 propositi
846 2952 959 2985 nostri
982 2951 1187 2985 definientis
1214 2962 1283 2984 non
1312 2962 1391 2984 esse
1418 2950 1661 2984 admittendos
1688 2948 1890 2983 haereticos

92 3005 136 3039 ad
163 3005 356 3039 ineundam
384 3005 426 3039 de
453 3005 645 3048 scripturis
677 3005 1010 3048 provocationch
1054 3006 1310 3044 Tertulliwzu.s·,
1347 3004 1398 3037 De
1428 3001 1709 3047 praescriptnme
1736 3002 1890 3037 haereti-

93 3070 213 3093 eorum
241 3071 269 3094 c.
300 3060 343 3093 15
370 3059 414 3093 37
442 3060 587 3102 talique,
616 3059 654 3094 P.
684 3059 745 3094 lat.
776 3059 806 3092 ΙΙ
835 3060 880 3093 33
903 3059 976 3092 <²34
1003 3059 1070 3092 ⁴512

217 3113 223 3131 ¹
253 3112 313 3147 Tit
339 3114 371 3147 3.
401 3113 455 3147 10.
582 3113 594 3130 ”-’
621 3112 669 3146 Ps
698 3114 727 3148 1,
758 3114 787 3147 1.
915 3112 927 3128 ³*
954 3112 1007 3146 (ff.
1036 3112 1083 3146 Lc
1114 3113 1142 3146 1.
1174 3113 1236 3148 79:
1266 3112 1301 3145 ls
1328 3114 1359 3145 9.
1388 3113 1419 3145 2.

215 3167 227 3185 ⁴
254 3167 347 3201 Huic
388 3166 584 3201 „remediff
624 3166 703 3200 sive
741 3166 890 3200 consilio
928 3178 1035 3200 manu
1073 3166 1220 3208 antiqua
1259 3177 1372 3209 eaque
1410 3165 1531 3209 ignota
1572 3164 1605 3197 in
1643 3164 1804 3208 margine
1831 3163 1889 3197 ad-

93 3223 258 3254 notatum
285 3223 359 3255 est:
402 3220 488 3262 ‚hoc
515 3221 650 3254 multos
676 3233 695 3254 a
724 3220 957 3254 conuersione
995 3219 1194 3263 impediret.
1234 3219 1292 3262 qui
1322 3219 1435 3262 primo
1471 3218 1613 3252 tolerati
1648 3221 1770 3261 postea
1801 3217 1890 3251 uisis·

94 3273 245 3308 aliorum
274 3274 571 3309 conuersionibus
598 3277 859 3308 conuertuntur
885 3277 920 3307 et
948 3273 1014 3317 ipsi
1024 3279 1050 3307 ”.

1551 3333 1599 3364 a*
