2073 3510
875 194 972 228 1584.
1731 202 1817 242 ‹525›

22 315 107 359 quid
136 315 170 349 in
198 328 238 349 eo
266 315 457 359 praecipue
484 318 646 359 agatur.“
699 315 903 357 ,Quomodo
931 327 1009 349 cum
1041 317 1194 350 ueritate
1213 317 1281 350 dici
1311 321 1343 351 vt
1373 319 1546 352 affirmari
1577 324 1693 362 potest
1723 320 1815 363 quod

21 381 131 413 super
156 372 295 413 petram
323 369 428 403 hoino
456 369 511 403 uel
535 369 696 403 Ecclesia
723 368 952 403 aedificetur‘*
985 370 1054 410 [Mt.
1086 371 1137 406 163,
1168 371 1223 411 1³1
1250 374 1388 405 (contra
1419 383 1569 407 monum
1600 374 1816 414 nuuuhun').

27 425 102 464 „An
129 423 176 457 sit
204 435 266 466 pro
303 423 431 466 probro
459 422 661 456 habendum
700 423 792 466 quod
830 435 894 457 nos
921 423 1098 457 Catholici
1136 436 1155 457 a
1193 424 1296 457 nouis
1331 425 1541 459 schin-rinei·
1569 428 1626 460 fur
1655 427 1819 470 l{‹·1›stl‹·r

23 477 94 511 vnd
124 477 293 520 l'apisten
322 476 580 520 uusgeschrien
609 477 678 511 vnd
707 478 876 521 gehalten
907 477 1058 512 werden.
1113 479 1325 521 complures
1354 479 1456 512 hodie
1485 481 1721 523 νυνι-1111111111,
1760 493 1817 514 vo-

23 532 139 565 lentos
166 530 364 565 Catholicis
391 531 630 569 annumerari„
668 534 704 565 et
730 534 959 566 sacramenta
994 543 1074 565 cum
1113 531 1186 564 illis
1221 544 1373 572 sumere,
1411 533 1472 565 secl
1510 545 1579 576 quo
1615 538 1696 567 sunt
1726 534 1818 568 timi-

22 586 141 619 diores
167 588 204 619 et
231 585 446 619 infirmiores
474 585 507 618 iu
536 585 650 618 ueteri
678 586 758 622 tide.
787 597 827 618 eo
847 585 966 629 magis
983 585 1223 625 offenduntur,
1253 597 1331 619 cum
1353 598 1415 629 pro
1436 587 1589 629 papistis
1609 592 1821 630 reputantur

23 651 44 674 a
69 650 161 673 nouo
189 638 331 674 inundo,
370 638 439 672 imo
468 639 613 682 quidam
652 639 858 673 irascuntur
893 642 929 673 et
965 651 1065 673 arma
1098 639 1247 682 capiunt
1281 642 1319 672 ut
1345 652 1384 672 se
1413 640 1628 675 inimicent·
1684 642 1820 675 Deinde

23 693 192 728 Caluisius
229 693 342 726 variis
378 692 579 727 rationilnis
616 693 753 737 probat,
790 694 990 727 catholicos
1026 693 1149 727 honori
1187 693 1255 727 sibi
1294 693 1424 726 (lucere
1461 694 1606 731 debere,
1644 697 1735 738 quod
1771 697 1819 730 ita

23 750 208 781 vocentur.
262 746 329 781 Vbi
359 746 457 787 haec,
486 750 630 790 praeter
656 747 738 783 alia.
768 747 874 782 dicit:
907 748 966 784 „ln
995 748 1060 781 hoc
1089 747 1268 781 falluntur
1294 749 1330 780 et
1357 746 1523 780 iniuriam
1554 749 1689 782 faciunt
1720 750 1821 783 uobis

24 806 229 841 nouatores,
267 801 360 844 quod
396 803 527 844 putant
563 813 628 834 nos
665 804 786 835 tenere
816 802 949 845 l'apam
978 813 1040 845 pro
1068 802 1154 841 Deo,
1189 813 1268 834 cum
1302 801 1351 834 sit
1379 800 1547 835 Vicarius
1576 802 1651 838 Dei,
1690 803 1759 836 imo
1787 806 1822 836 et

23 867 152 890 seruus
179 866 377 890 seruorum.
406 858 446 889 vt
472 855 632 898 seipsum
662 858 778 892 uocat,
812 856 844 890 ⁴2.
873 858 1003 899 putant
1029 867 1095 889 nos
1122 867 1201 889 cum
1233 855 1329 898 l‘apa
1357 857 1479 888 tencre
1508 855 1541 888 in
1571 856 1705 889 (¹hristi
1735 857 1821 890 iniu-

24 909 125 949 riam,
154 909 211 943 uel
239 909 316 942 eius
344 908 467 943 honori
495 912 532 943 et
558 909 691 943 nomini
712 909 944 947 detrahendo,
973 910 994 942 :3
1021 921 1085 943 nos
1113 909 1231 943 omnia
1260 921 1351 953 quae
1375 909 1470 952 l'apa
1498 909 1585 943 facit
1616 913 1655 943 ut
1681 910 1821 953 priuata

24 974 189 1007 persona,
218 974 404 997 excusare.
434 963 507 996 Nos
526 974 694 1006 magnam
716 963 872 997 facimus
891 963 1131 997 diffewntiam
1153 963 1246 997 inter
1265 975 1454 1006 personam
1474 975 1589 1006 papae
1608 966 1642 996 et
1663 963 1821 996 officium

24 1017 114 1058 eius,
151 1021 187 1051 et
222 1020 345 1061 aperte
383 1018 550 1057 fatemur,
587 1028 701 1060 papae
737 1029 926 1060 personam
961 1029 1110 1061 peccare
1144 1029 1260 1060 posse,
1297 1017 1393 1051 sicut
1420 1020 1456 1051 et
1482 1028 1634 1060 persona
1666 1017 1760 1050 Petri
1788 1019 1822 1049 et

25 1071 143 1114 Moysi
172 1071 348 1115 peccauit.
377 1075 413 1105 et
432 1083 540 1115 saepe
559 1083 730 1114 peccasse
750 1074 789 1105 ut
809 1071 1001 1107 hominem.
1031 1072 1100 1105 imo
1119 1074 1156 1105 et
1181 1071 1342 1105 damnari
1364 1083 1481 1115 posse,
1509 1071 1605 1104 sicut
1624 1070 1822 1114 (Jaypham.

24 1125 184 1160 officium
221 1128 342 1159 autem
371 1138 388 1159 a
418 1126 492 1159 Deo
520 1128 576 1159 est
603 1128 639 1159 ct
667 1125 768 1159 bonis
804 1128 840 1159 et
878 1126 983 1160 malis
1020 1125 1126 1159 datur
1161 1128 1270 1168 atque
1304 1125 1348 1159 ob
1375 1125 1534 1159 diuinam
1563 1125 1823 1158 ordinationem

25 1182 184 1213 meretur
219 1179 401 1218 honorem,
438 1179 533 1213 sicut
569 1180 685 1213 omnis
721 1180 885 1223 superior
920 1180 1014 1223 apud
1051 1180 1226 1214 subditos.
1279 1180 1364 1213 ‚Illic
1400 1179 1511 1213 habet
1544 1179 1659 1213 locum
1689 1177 1823 1212 (flu-isti

24 1236 269 1278 praeceptum,
308 1234 435 1275 Quae
472 1234 694 1267 dixerint
727 1234 867 1268 uobis
902 1237 1102 1268 seruate
1136 1237 1179 1268 et
1215 1234 1369 1268 facite
1398 1233 1549 1274 1111193,
1577 1233 1623 1275 31.
1677 1233 1824 1267 Nullum

25 1291 146 1322 autem
182 1291 384 1322 monstrare
420 1290 574 1331 possunt
609 1288 827 1331 pontificem,
866 1288 926 1331 qui
962 1288 1187 1332 praeceperit
1223 1291 1259 1322 et
1294 1288 1495 1322 instituerit
1528 1286 1665 1330 aliquid
1701 1290 1825 1320 contra

25 1341 140 1376 Deum
169 1344 204 1375 et
232 1341 382 1379 animas.
410 1342 473 1375 sed
501 1354 545 1375 ex
565 1342 700 1376 Christi
728 1342 920 1387 priuilegio
948 1342 982 1376 in
1010 1342 1079 1375 fide
1104 1354 1174 1375 non
1193 1342 1404 1375 defecerunt
1431 1341 1490 1383 [cf.
1512 1342 1646 1379 11022.
1674 1340 1733 1382 32]
1761 1352 1825 1374 nec

26 1407 183 1430 errorem
211 1395 421 1437 docuerunt,
449 1396 512 1430 sed
540 1399 704 1430 errantes
732 1399 989 1431 conuerterunt
1008 1399 1045 1431 et
1063 1396 1252 1430 credentes
1272 1397 1540 1435 confirmarunt,
1569 1395 1674 1429 fidem
1704 1406 1825 1428 ueram

27 1451 284 1484 continuarunt
311 1453 347 1483 et
374 1453 636 1484 conseruarunt
662 1453 701 1484 ut
728 1453 897 1494 portae
925 1450 1075 1484 inferi
1102 1462 1190 1484 non
1218 1462 1351 1493 praeu
1363 1450 1537 1484 alerent
1565 1449 1634 1490 [Mt
1660 1450 1714 1489 16,
1744 1447 1821 1489 181²

25 1503 84 1546 (ex
112 1507 301 1538 comment.
330 1506 489 1548 aut0g1·.:
519 1504 540 1539 l.
560 1515 589 1538 e.
618 1505 641 1538 f.
662 1505 859 1546 Altibfflwb).

152 1558 217 1595 ,Jn
244 1559 339 1592 festo
366 1558 614 1592 Dedicationis
640 1558 826 1592 Ecclesiae
853 1558 887 1593 S.
908 1558 1059 1597 Nicolai,
1089 1570 1180 1601 quae
1208 1561 1264 1593 est
1284 1558 1440 1603 Augusti
1469 1557 1646 1592 dominica
1675 1556 1822 1590 ultima*

26 1613 106 1647 sive
132 1612 186 1653 (eo
213 1612 319 1646 annol
345 1613 400 1647 243.
431 1612 587 1656 Augusti
617 1612 719 1647 1584.
777 1612 1011 1656 „propositio
1042 1612 1134 1654 Quid
1161 1624 1271 1656 super
1297 1624 1335 1647 se
1362 1612 1506 1649 habeat,
1541 1611 1634 1655 quod
1662 1610 1826 1647 dicimus,

28 1666 144 1700 Hodie
171 1669 227 1700 est
253 1666 379 1709 templi
407 1666 585 1700 dedicatio
634 1667 655 1700 ‘2
683 1666 867 1708 Quomodo
895 1667 1049 1710 quisque
1076 1678 1162 1711 erga
1188 1667 1305 1700 Deum
1334 1666 1369 1700 in
1405 1667 1469 1700 tali
1506 1666 1601 1700 festo
1637 1677 1676 1699 se
1703 1676 1828 1709 gerere

28 1720 158 1754 debeat
205 1721 227 1755 3
255 1720 347 1762 Quid
374 1720 509 1764 templa
530 1720 605 1754 Deo
625 1720 744 1754 dicata
772 1732 792 1754 a
818 1720 922 1754 nobis
949 1720 1167 1763 postulent.“
1211 1720 1250 1754 ln
1278 1720 1521 1764 explicat-ione
1549 1719 1729 1763 evangelii
1758 1718 1827 1752 diei

29 1774 198 1809 Canisius
226 1774 389 1817 queritur
420 1774 582 1810 „Scimus
602 1803 608 1809 .
630 1803 636 1809 .
658 1803 664 1808 .
691 1777 816 1808 contra
844 1774 1016 1815 diuinum,
1045 1774 1345 1809 Ecclesiasticum
1373 1777 1410 1809 et
1437 1775 1655 1808 Caesareum
1682 1773 1739 1807 ius
1765 1784 1828 1816 pro

29 1831 173 1863 centum
201 1829 364 1872 accipere
392 1829 412 1863 5
433 1846 439 1852 ·
459 1830 480 1862 6
501 1846 507 1852 -
529 1829 547 1863 7
569 1846 575 1852 ·
595 1830 616 1862 8
644 1840 760 1863 coron.
782 1829 920 1863 ratione
947 1829 1063 1863 mutui
1091 1829 1127 1863 in
1146 1829 1258 1863 krafft
1284 1829 1347 1862 des
1374 1829 1481 1872 leyen
1508 1828 1566 1861 fur
1592 1828 1660 1861 den
1687 1826 1824 1871 gewin‘

27 1882 86 1924 (ex
114 1885 304 1917 comment.
333 1885 492 1927 autogr.:
521 1883 543 1918 l.
564 1894 592 1917 c.
620 1883 645 1917 f.
666 1882 860 1917 51a455³t

153 1937 217 1978 „Jn
250 1937 345 1971 festo
372 1937 589 1971 Nativitatis
617 1936 774 1970 Mariae*
805 1936 884 1970 sive
918 1937 949 1971 8.
978 1936 1202 1981 Septembris
1231 1938 1333 1972 1584.
1390 1936 1595 1979 „Quomodo
1623 1935 1830 1969 Christiano

28 1990 165 2025 festum
202 1991 269 2025 hoc
305 1991 477 2034 prodesse
512 1990 661 2035 possitf
720 1990 841 2032 „Quae
868 1991 1006 2025 Mariae
1042 1991 1119 2025 uita
1146 1994 1183 2025 et
1209 1991 1436 2025 conuersatio
1470 1991 1505 2024 in
1533 1989 1741 2024 iuuentute‘*
1771 1989 1828 2030 (ex

28 2048 218 2079 comment.
247 2048 408 2089 autogr.;
436 2045 458 2080 l.
480 2057 508 2080 c.
536 2045 777 2086 1155b45822).

153 2099 279 2140 ‚Festo
307 2099 363 2133 die
390 2099 424 2134 S.
452 2098 651 2133 Mattliaei“
682 2099 761 2133 sive
788 2100 844 2134 21.
865 2099 1089 2143 Septembris
1109 2099 1211 2134 1584.
1253 2099 1425 2142 Sequitur
1451 2098 1626 2133 orationis
1653 2109 1829 2132 commen-

29 2153 161 2187 tarium
189 2153 326 2187 Canisii
359 2165 468 2187 manu
495 2153 692 2197 scriptum
730 2153 765 2187 in
799 2153 903 2187 cuius
938 2156 1060 2188 tamen
1096 2153 1167 2187 fine
1194 2154 1364 2188 Canisius
1398 2153 1487 2187 haec
1513 2152 1675 2187 notavit:
1717 2152 1828 2193 ,Nota

29 2210 174 2251 propter
200 2207 502 2251 supplicationem
529 2207 711 2251 publicam
742 2219 812 2241 non
838 2207 964 2242 habita
991 2210 1047 2241 est
1073 2207 1163 2242 haec
1190 2207 1333 2242 concio“'
1363 2209 1422 2249 (ex
1449 2209 1639 2241 comment.
1668 2210 1828 2251 autogr:

29 2262 51 2297 l.
71 2273 99 2297 e.
128 2262 152 2296 f.
172 2261 366 2302 ὅθ’-603).

153 2316 218 2357 „Jn
246 2316 340 2350 festo
368 2316 401 2350 S.
430 2315 642 2350 Michaelis“
673 2315 753 2349 sive
780 2316 835 2350 29.
862 2315 1086 2359 Septembris
1113 2316 1215 2350 1584.
1272 2315 1419 2357 „Dicam
1448 2317 1464 2350 1
1495 2328 1558 2350 cur
1585 2315 1753 2350 Christus
1779 2315 1831 2349 ita

30 2370 168 2404 intonet
195 2369 245 2411 [in
272 2370 462 2414 evangelio
496 2369 578 2411 diei]
608 2372 733 2403 contra
759 2370 931 2404 scandala
980 2371 1001 2404 ‘2
1029 2381 1120 2413 quae
1147 2370 1319 2404 scandala
1354 2382 1448 2404 nunc
1484 2372 1637 2415 regnent
1672 2369 1830 2404 maxime

29 2425 51 2460 3
78 2424 262 2467 Quomodo
289 2424 373 2458 noui
401 2424 599 2458 Christiani
628 2424 857 2458 offendantur
882 2427 919 2458 et
945 2424 1030 2467 quid
1058 2424 1378 2467 resp011dendum.“

150 2478 319 2513 Christus
351 2490 515 2519 ⁷,monere
542 2478 661 2512 uoluit
687 2478 799 2512 tacite
817 2479 1061 2522 Magistratus
1080 2481 1121 2512 ut
1146 2481 1315 2512 notarent
1341 2481 1377 2512 et
1403 2478 1573 2522 punirent
1598 2478 1831 2522 peculiariter

29 2535 222 2576 peccantes
258 2535 293 2566 et
330 2532 553 2566 offendentes
589 2532 680 2566 alios
715 2532 869 2576 publice.
922 2532 1012 2566 Nam
1050 2532 1086 2566 hi
1124 2533 1280 2567 maximi
1307 2532 1433 2567 hostes
1465 2533 1542 2571 Dei,
1580 2532 1827 2566 nocentissimi

29 2586 210 2621 satellites
238 2586 300 2628 [et]
327 2587 528 2630 piscatores
564 2586 760 2627 daemonis,
797 2587 928 2620 summi
965 2587 1195 2627 seelmorder,
1229 2586 1379 2630 pessimi
1414 2589 1666 2630 persecutores
1694 2587 1829 2621 Christi

30 2642 67 2675 et
93 2640 252 2684 corporis
278 2641 367 2680 eius,
395 2653 416 2675 a
436 2641 567 2684 quibus
590 2641 673 2684 plus
691 2641 840 2684 patitur,
869 2653 976 2684 quam
996 2653 1016 2675 a
1034 2641 1162 2675 Judeis
1181 2652 1339 2684 unquam
1367 2652 1498 2684 passus
1526 2640 1606 2677 fuit.
1635 2643 1670 2674 et
1698 2640 1828 2674 idcirco

30 2694 67 2728 in
84 2695 188 2738 penis
207 2694 337 2729 inferni
356 2695 571 2738 profundius
591 2695 812 2739 grauiusque
831 2695 1037 2738 punientur.
1078 2695 1150 2729 Cur
1167 2706 1296 2729 nomen
1316 2695 1371 2729 dei
1391 2698 1428 2728 et
1446 2694 1527 2728 fidei
1556 2694 1830 2737 blasphematur

31 2748 125 2792 apud
151 2751 279 2793 gentes
307 2748 421 2790 [Rom.
442 2749 474 2788 2,
502 2748 592 2790 2411)
620 2748 664 2782 01)
690 2748 872 2783 scandala.
913 2750 934 2783 ‘2
961 2761 1025 2783 cur
1051 2749 1179 2782 Clerus
1206 2749 1478 2782 contemnitur?
1506 2748 1549 2781 ob
1576 2759 1699 2781 eorum
1727 2746 1826 2781 uitia.

31 2802 53 2837 3
79 2814 142 2836 cur
176 2805 251 2836 tam
286 2802 391 2836 multi
429 2802 601 2836 deficiunt
637 2814 657 2836 a
684 2802 753 2836 fide
779 2803 927 2846 passim,
965 2802 1008 2836 ob
1036 2802 1177 2836 Cathol.
1212 2802 1394 2836 scandala.
1446 2802 1469 2835 4
1496 2813 1559 2835 cur
1592 2804 1645 2835 tot
1671 2801 1828 2845 flagellis

31 2856 233 2895 uisitamur‚
271 2856 442 2890 duramus
478 2856 513 2890 in
549 2855 621 2898 uijs
657 2856 849 2899 antiquis*
905 2856 1043 2890 Deinde
1079 2855 1248 2893 ostendit,
1287 2867 1461 2897 quosnam
1494 2854 1823 2890 scandalizantes*

31 2909 199 2945 Christus
225 2910 383 2944 maxime
419 2910 574 2944 damnet.
628 2910 748 2944 Primo
785 2910 861 2943 loco
893 2910 1027 2950 „falsos
1054 2909 1237 2943 doctores*
1269 2912 1305 2942 et
1331 2908 1569 2952 magistratus
1605 2908 1657 2941 eis
1684 2920 1826 2951 operam

31 2967 260 3007 praestantes
290 2964 400 3007 ponit.
446 2964 588 3001 Postea,
617 2976 724 3007 quam
752 2964 867 2997 multa
893 2963 1064 2997 scandala
1091 2963 1185 3006 apud
1212 2962 1410 2996 catholicos
1438 2962 1678 2998 inveniantur,
1716 2962 1828 2996 variis

31 3018 209 3061 exemplis
236 3018 478 3058 demonstran
520 3018 621 3051 velut
648 3030 728 3051 cum
755 3018 826 3052 ait:
859 3017 991 3058 „Vadis
1019 3017 1062 3050 ad
1089 3016 1251 3050 thermas
1278 3016 1313 3049 in
1341 3016 1472 3058 quibus
1499 3011 1566 3058 u‘irj
1595 3019 1631 3050 et
1657 3016 1827 3050 mulieres

33 3074 308 3105 commorantur.
360 3072 488 3105 Manes
514 3072 536 3106 3
563 3072 621 3106 uel
648 3072 670 3105 4
705 3071 803 3105 horis
841 3071 874 3104 in
917 3083 1041 3104 mensa
1078 3070 1132 3103 uel
1172 3069 1327 3113 hospitio
1364 3073 1425 3103 aut
1461 3070 1656 3113 symposio.
1709 3070 1827 3104 Abbas

33 3124 134 3167 ponit
159 3125 276 3159 aleam
304 3125 339 3159 in
366 3137 501 3163 mensa.
530 3128 567 3159 et
593 3126 726 3159 fratres
754 3125 930 3168 incipiunt
958 3124 1090 3158 ludere.
1136 3124 1227 3165 Quid
1256 3124 1297 3157 de
1324 3124 1459 3157 nostris
1486 3124 1683 3166 pictoribus
1711 3124 1826 3157 dicam

33 3180 107 3211 tam
143 3178 339 3213 obscoenas
375 3179 552 3223 imagines
588 3183 624 3213 et
662 3179 778 3213 nudas
814 3178 984 3212 mulieres
1024 3177 1320 3221 depingentibus,
1362 3177 1453 3211 unde
1490 3177 1557 3210 uiri
1597 3180 1633 3210 et
1671 3177 1826 3211 feminae

34 3231 78 3265 ad
110 3231 294 3266 libidinem
323 3233 530 3267 incitantur.
582 3233 603 3266 ‘2
631 3233 724 3274 Quid
751 3233 793 3265 de
821 3231 1060 3275 typographis
1096 3234 1131 3265 et
1166 3231 1370 3274 bibliopolis
1405 3231 1519 3265 malos
1555 3234 1589 3264 et
1626 3231 1828 3265 inu-reticos

106 3296 419 3329 Braunsbcrger.
440 3297 554 3323 Canisii
576 3297 732 3330 Epistulae
754 3298 781 3321 et
806 3298 890 3322 Acta.
924 3296 1002 3321 Vlll.
1494 3291 1539 3324 40
