2073 3510
472 203 644 245 Frilvurgo
675 202 922 235 Helvetiorum
954 202 1054 235 initio
1083 214 1126 235 m.
1152 203 1302 236 lammrii
1339 203 1435 237 1583.
1777 208 1855 246 133)

53 327 275 382 gritatem.
311 329 403 367 tum
438 326 490 366 ob
525 323 748 366 doetrinae
784 323 1112 377 praestantiam.
1149 327 1238 364 tum
1265 325 1317 363 ol»
1343 325 1574 366 multorum
1602 329 1852 376 uulf-,rnatum

54 391 421 436 existimationem
457 389 660 432 tribuere.
704 403 843 442 nequo
878 390 930 430 ab
967 388 1064 430 ullis
1097 388 1332 441 ΤΙιυωΙυμ-ἰ»Υ
1371 390 1448 430 sibi
1485 406 1674 444 suaeque
1709 395 1854 433 sectiu-

53 460 253 501 metuunt
286 456 438 510 magis.
490 456 580 497 lam
615 455 650 496 si
685 455 843 496 bellum
879 454 1196 496 lmewticorum
1232 470 1317 508 pax
1353 458 1420 497 est
1459 456 1689 500 lecvlvsiav.
1735 457 1855 499 cuius

53 524 284 580 praecipua
319 523 396 565 dos
432 521 575 564 unitas
610 521 806 562 omuibus
840 520 1060 562 aetatibus
1086 524 1352 575 perseuerat.
1389 537 1464 562 cur
1498 522 1549 563 <le
1587 523 1852 565 restituenda

54 589 284 633 Germania
326 591 452 630 tanto
495 587 635 641 magis
677 602 761 628 non
805 602 1050 641 speremus,
1099 588 1262 640 quanto
1309 586 1534 639 grauiores
1581 588 1853 630 dissidiorum

51 657 252 698 fiammae
295 654 408 696 inter
441 653 558 709 ipsos
592 652 836 695 haereticos
869 653 1074 704 flagrant,
1118 651 1265 705 illique
1300 651 1340 692 111
1376 655 1442 693 tot
1485 656 1630 694 sectas
1664 654 1852 696 disserti.

52 722 143 764 sine
176 723 283 763 tineu
316 723 466 762 mutuo
500 736 545 761 se
579 720 776 761 lacerant
810 721 941 772 atque
976 717 1220 762 conficiunt,
1267 718 1397 771 uulgo
1432 718 1563 759 etiam
1600 720 1854 761 Germanico

53 789 105 830 ob
139 786 362 829 doctrinae
396 785 736 828 inconstantiam
780 788 823 826 et
867 784 984 826 uitae
1024 784 1346 838 imprimitaten1
1383 784 1497 825 haud
1532 800 1682 839 parum
1719 786 1852 828 exosi.

52 856 100 896 ut
132 853 229 895 111110
264 852 395 895 etiam
420 852 663 906 complures
697 865 751 892 ex
786 850 1018 892 haereticis
1053 849 1284 891 orthodoxi
1319 849 1596 892 efficiantur?
1643 851 1852 893 Nimirum

51 934 167 962 omn
182 936 203 961 e
238 934 463 973 regnum
497 918 547 959 111
582 933 637 958 se
672 916 910 959 diuisum
946 915 1348 957 desolabitur1.
1400 918 1513 965 Quot.
1550 931 1650 957 uero
1684 916 1853 959 illorum

50 988 285 1040 supersunt
318 984 448 1027 milia.
494 998 719 1037 quorum
761 997 938 1036 genua
983 984 1113 1024 ante
1147 982 1305 1027 Baal,
1352 981 1391 1023 id
1427 984 1507 1031 est,
1552 997 1697 1023 coram
1732 982 1856 1024 nouis

51 1066 246 1094 errorum
288 1050 426 1095 idolis,
472 1050 773 1091 incuruata
816 1063 920 1090 non
962 1050 1091 1089 sunt
1107 1049 1133 1090 “-’.
1179 1047 1381 1101 quoniam
1417 1047 1685 1089 (fatholicam
1728 1048 1852 1090 tidem

50 1120 305 1159 constanter
347 1131 397 1158 ac
439 1116 609 1169 integre
651 1130 727 1170 per
761 1114 841 1156 Dei
884 1113 1074 1167 gratiam
1115 1113 1317 1159 retinent,
1363 1128 1412 1154 ac
1457 1114 1576 1155 uelut
1618 1114 1856 1168 prudentes

51 1198 154 1225 oues
188 1183 229 1224 111
263 1197 340 1225 suo
363 1185 590 1224 manentes
615 1181 728 1225 ouili,
765 1182 818 1222 ab
842 1180 1166 1222 imminentilnls
1201 1179 1388 1233 undique
1421 1179 1534 1234 lupis
1557 1195 1652 1222 sese
1677 1182 1855 1222 tuentur

49 1249 286 1292 incolumes
301 1249 327 1291 ⁵³.
379 1250 447 1291 Ex
481 1249 634 1291 horum
667 1262 846 1289 numero
880 1250 983 1289 sunt
1016 1246 1357 1300 frequentissimi
1392 1246 1649 1301 populorum
1682 1261 1852 1300 greges.

50 1314 332 1357 illustrissimi
378 1314 615 1370 principes,
664 1313 918 1368 amplissimi
964 1312 1271 1367 magistratus7
1318 1312 1591 1367 percelebres
1637 1312 1852 1354 ciuitates.

48 1381 304 1424 nobilissimi
339 1381 540 1431 Comites,
576 1382 784 1424 Barones,
830 1383 873 1422 et
907 1379 1123 1433 equestris
1167 1378 1329 1421 ordinis
1368 1378 1576 1428 homines,
1622 1381 1669 1420 ut
1702 1379 1854 1421 Eccle-

49 1448 272 1499 siasticos,
324 1462 558 1502 eorumque
608 1446 830 1489 antistites
880 1446 1024 1488 uarios
1072 1445 1438 1501 praetermittam.
1505 1444 1714 1495 Quocirca
1763 1444 1854 1487 siue

50 1514 310 1565 Catholieos,
348 1514 439 1556 siue
462 1513 708 1556 haereticos
730 1513 773 1554 in
799 1512 1030 1555 Germania
1063 1511 1323 1561 intueamur,
1360 1511 1411 1553 de
1435 1511 1721 1553 instauranda
1755 1511 1853 1553 reli-

50 1581 177 1635 gione
210 1581 481 1636 praeclaram
516 1594 636 1635 spem
670 1578 908 1634 concipere,
951 1581 994 1620 et
1027 1578 1150 1620 nobis
1184 1579 1440 1620 confirmare
1474 1578 1692 1627 debemus,
1726 1592 1853 1632 prae-

51 1647 202 1689 sertim
236 1647 307 1701 qui
341 1646 587 1689 obedientia
615 1646 721 1688 duce
744 1646 827 1687 huc
850 1644 969 1686 missi
993 1643 1283 1699 peruenimus,
1320 1646 1364 1686 et
1396 1644 1508 1685 hanc
1542 1643 1851 1698 amplissimam

51 1712 290 1755 dominicae
314 1712 466 1755 uineae
489 1715 660 1767 partem
688 1711 972 1753 excolendam
996 1710 1253 1765 accepimus,
1289 1724 1428 1764 neque
1462 1709 1554 1752 sine
1588 1724 1851 1751 summorum

50 1779 271 1822 hominum
304 1779 456 1821 fauore
490 1782 534 1821 et
565 1777 869 1820 beneuolentia
900 1792 1221 1819 conseruamus.
1274 1777 1357 1818 Cur
1392 1777 1563 1818 demum
1597 1776 1649 1818 de
1682 1776 1854 1818 fruetur

51 1847 338 1888 subsecuturo
366 1845 625 1895 dubitemus,
661 1844 733 1898 qui
767 1847 810 1886 et
843 1843 993 1899 paucis
1027 1845 1080 1885 ab
1114 1843 1213 1885 111110
1247 1842 1371 1885 annis
1406 1844 1581 1885 uberem
1614 1842 1657 1884 in
1681 1842 1852 1885 Christo

50 1919 259 1954 messemc
294 1911 560 1965 collegimus
606 1913 650 1953 et
682 1913 959 1966 praesentem
992 1909 1134 1963 magis
1167 1909 1394 1963 magisque
1438 1910 1490 1951 ob
1525 1909 1672 1951 oculos
1706 1908 1854 1963 uigere

51 1978 278 2028 cernimus,
322 1980 534 2031 tantoque
577 1977 830 2032 ampliorem
870 1991 1118 2018 successum
1157 1975 1313 2018 merito
1348 1978 1644 2030 expectamus,
1690 1978 1853 2029 quanto

51 2043 219 2086 auctior
251 2045 301 2086 fit
333 2043 377 2085 in
410 2043 501 2085 dies
533 2058 739 2085 numerus
773 2042 1101 2098 operariorum?

171 2110 324 2164 Neque
367 2124 469 2151 uero
512 2112 583 2151 sat
625 2109 708 2151 erit
750 2110 919 2151 firmum
962 2109 1043 2151 hoc
1086 2108 1419 2150 fundamentum
1461 2107 1627 2153 iecisse,
1673 2110 1720 2150 ut
1763 2107 1854 2149 sine

50 2175 206 2218 timore
240 2178 284 2218 et
317 2175 570 2225 diffidentia,
609 2189 855 2229 magnaque
889 2189 985 2217 cum
1018 2174 1174 2216 fiducia
1207 2174 1314 2216 nosd
1346 2173 1388 2215 in
1423 2173 1655 2216 Germania
1689 2173 1855 2216 utiliter

50 2241 327 2283 laboraturos
351 2256 446 2283 esse
470 2242 710 2291 credamus,
746 2241 821 2283 sed
854 2241 897 2282 in
930 2241 1024 2295 ipso
1048 2240 1181 2283 etiam
1209 2240 1358 2282 labore
1382 2240 1596 2294 quaedam
1620 2241 1854 2282 obseruare

51 2307 109 2349 Sit
142 2322 299 2362 operae
332 2307 537 2363 precium,
573 2310 621 2350 ut
653 2307 689 2349 is
722 2307 988 2349 foeliciorem
1011 2321 1293 2362 progressum
1327 2309 1371 2348 et
1405 2305 1571 2348 exitum
1603 2305 1647 2347 in
1669 2305 1854 2348 Domino

52 2376 356 2427 consequatur.
408 2374 471 2416 Ac
504 2373 644 2428 prima
678 2373 850 2428 quidem
884 2373 941 2415 sit
975 2372 1119 2415 cautio
1152 2372 1197 2414 in
1221 2373 1535 2415 Germanorum
1567 2371 1743 2422 natiuis7
1779 2374 1853 2413 aut

51 2441 100 2481 ut
122 2439 353 2494 plurimum
379 2439 553 2482 usitatis
577 2439 696 2494 uitijs
721 2439 995 2489 annotandis,
1032 2442 1080 2481 ut
1102 2438 1239 2481 futuri
1262 2438 1417 2481 medici
1448 2438 1657 2480 eiusmodi
1680 2439 1855 2479 morbos

51 2520 137 2547 non
169 2520 348 2560 prorsus
381 2505 596 2560 ignorent,
631 2505 716 2548 imo
750 2505 794 2547 in
827 2520 872 2547 se
906 2505 1011 2560 ipsis
1042 2505 1175 2547 etiam
1197 2520 1507 2559 nonnunquam
1531 2505 1777 2548 obseruent,
1812 2503 1853 2545 in

53 2571 151 2625 alijs
184 2586 286 2614 uero
319 2572 539 2627 patienter
572 2572 717 2627 potius
750 2572 878 2622 ferre,
915 2586 1044 2625 quam
1077 2571 1205 2613 facile
1234 2571 1550 2626 reprehendere
1584 2570 1851 2612 annitantur.

52 2637 285 2680 Commune
310 2638 592 2680 Germanicae
616 2638 760 2692 gentis
784 2640 852 2680 est
880 2637 1045 2683 uitium,
1080 2637 1242 2691 ingenij
1279 2652 1329 2679 ac
1352 2637 1495 2691 iudicij
1521 2636 1852 2679 crassitudinem

53 2706 97 2746 et
129 2704 366 2746 ruditatem
395 2704 540 2759 potius
564 2719 692 2759 quam
717 2704 1007 2746 subtilitatem
1031 2707 1075 2746 et
1097 2703 1479 2759 perspicacitatem
1513 2703 1706 2745 adferre:
1743 2702 1854 2743 unde

52 2769 178 2824 pauci
212 2770 266 2812 ad
300 2770 570 2812 abstrusiora
613 2773 657 2813 et
690 2770 941 2813 sublimiora
975 2769 1132 2819 studia,
1178 2784 1288 2824 quae
1321 2784 1527 2823 magnum
1571 2782 1752 2810 acumen
1786 2781 1853 2809 re-

55 2835 242 2889 quirunt,
277 2836 444 2878 habiles
468 2836 645 2891 aptique
669 2836 883 2885 uidentur,
920 2839 964 2878 et
997 2836 1033 2877 si
1066 2836 1109 2877 in
1131 2836 1216 2878 illis
1240 2835 1311 2877 diu
1335 2835 1645 2883 exercitentur,
1681 2837 1853 2887 tempus

53 2901 144 2944 fere
178 2904 222 2944 et
256 2916 431 2956 operam
465 2903 664 2957 perdunt.
713 2903 850 2953 Quam
885 2917 988 2945 uero
1011 2903 1236 2957 praeclare
1260 2917 1355 2944 cum
1381 2900 1608 2943 Germanis
1632 2903 1851 2954 ageretur.

55 2967 89 3009 si
112 2967 265 3010 natiua
287 2968 362 3009 illa
386 2968 666 3023 simplicitate
691 2983 786 3010 011111
820 2968 863 3010 111
898 2968 1015 3010 uitae
1049 2968 1305 3017 actionibus,
1340 2970 1432 3009 tum
1466 2966 1510 3008 in
1530 2968 1722 3008 sanctae
1755 2965 1851 3007 fidei

174 3061 202 3091 a)
223 3063 363 3094 Sequitur
383 3062 536 3091 hostilius,
557 3063 648 3087 amm.
727 3062 757 3092 1))
778 3064 918 3094 Sequitur
940 3062 997 3091 liic,
1017 3064 1108 3087 oblim,
1187 3062 1213 3089 (s)
1238 3064 1295 3086 Ilm·
1318 3071 1340 3086 r.
1364 3071 1380 3085 ιι
1404 3064 1431 3085 (’.
1456 3062 1591 3084 mldilnm
1614 3064 1664 3084 esst
1727 3059 1758 3084 (11
1781 3061 1801 3084 Α
1821 3063 1849 3083 (1

55 3111 129 3128 corr.
152 3112 188 3128 ea·
207 3103 306 3129 nobis.

178 3193 187 3211 ¹
214 3195 269 3228 Mt
298 3195 351 3235 1²2,
379 3195 444 3235 ‘2¹53
474 3194 521 3228 Lc
551 3195 603 3234 11,
635 3195 688 3229 1ῖ,
838 3194 850 3212 '³
877 3196 898 3227 :3
920 3195 973 3239 lig
1002 3195 1054 3235 19,
1086 3195 1138 3228 18.

177 3248 190 3265 ³
217 3248 269 3282 Cf.
290 3249 345 3282 Mt
366 3249 419 3287 18,
451 3250 513 3289 12:
542 3248 590 3282 Lc
619 3249 673 3285 15»,
701 3248 742 3283 4:
775 3249 808 3281 lo
841 3250 891 3288 10,
923 3249 1037 3282 1ῌ28
1064 3250 1131 3282 etc.
