2073 3510
188 231 270 271 132
716 224 819 258 2168.
853 223 1021 257 Canisius
1049 223 1198 257 Claudio
1225 223 1450 267 Aquavivae.

181 347 386 398 instituti,
411 347 455 389 in
478 345 711 389 formulam
733 344 853 386 illam
875 344 1159 399 professionis
1181 344 1293 395 fidei,
1320 359 1449 399 quam
1472 344 1574 387 Pius
1593 345 1784 395 Quartus
1808 345 1942 388 edidit
1958 347 1985 395 ¹,

182 415 327 456 iurare
360 415 604 455 monentur.
656 412 821 461 Quarto
855 410 968 465 quod
1001 410 1233 465 peculiaris
1267 410 1482 453 absolutio
1515 410 1600 453 illis
1634 411 1869 462 confertur,
1914 411 1987 466 qui

181 480 225 522 in
249 495 397 522 casum
420 477 616 521 haeresis
639 477 896 526 inciderunt,
933 478 1009 518 aut
1030 476 1165 519 libros
1188 476 1418 519 damnatos
1446 491 1496 518 ac
1520 476 1762 532 prohibitos
1784 477 1987 532 legerunt

185 546 254 588 uel
287 546 546 587 habuerunt.
599 543 757 594 Quinto
801 543 914 597 quod
958 544 1037 585 aba
1070 543 1347 585 absoluendis
1388 543 1651 601 postulatur,
1696 545 1744 585 ut
1777 542 1986 586 eiusmodi

180 612 315 654 libros
339 610 560 665 abijciant,
595 610 664 652 uel
687 609 849 652 nostris
874 624 947 651 eos
971 608 1284 651 examinandos
1307 609 1500 651 tradant.
1552 609 1687 651 Sexto
1711 609 1824 663 quod
1847 609 1987 652 nostri

181 677 512 721 concionatores
546 676 727 719 subinde
761 676 917 718 docent
951 689 1001 717 ea
1034 675 1253 730 populum,
1299 690 1410 729 quae
1444 675 1524 717 adb
1557 674 1827 717 Catholicam
1858 676 1986 718 fidem

182 743 535 793 confirmandam,
572 745 704 796 atque
735 744 887 784 contra
910 740 1231 783 haereticorum
1253 740 1408 783 insana
1441 741 1649 795 dogmata
1682 741 1987 784 uindicandam

183 812 400 866 spectant.
452 809 645 864 Septimo
679 808 793 863 quod
826 808 869 849 in
903 806 1074 858 scholis,
1109 806 1371 862 praesertim
1404 807 1476 849 ubi
1508 807 1699 849 traditur
1733 807 1984 862 Theologia,

180 877 329 919 theses
363 878 516 918 contra
548 874 869 917 haereticorum
913 873 1113 927 uigentes
1153 887 1323 915 errores
1363 873 1652 928 disputandae
1685 877 1987 929 proponuntur

181 945 226 985 et
260 942 555 985 excutiuntur.
608 941 776 983 Octauo
801 940 914 994 quod
938 954 962 981 a
985 938 1148 982 nostris
1170 938 1318 989 libelli,
1353 942 1586 990 tractatus,
1611 939 1854 995 Apologiae
1878 939 1985 982 scri-

184 1011 347 1051 buntur
371 1011 415 1050 et
438 1008 637 1058 eduntur,
674 1006 828 1061 quibus
851 1005 1061 1048 haeretici
1083 1005 1246 1060 partim
1269 1005 1568 1056 communiter,
1592 1005 1754 1061 partim
1777 1005 1821 1050 in
1843 1005 1987 1061 specie

180 1075 516 1129 redarguantur,
552 1076 600 1115 ut
624 1079 795 1115 eorumc
830 1074 949 1114 artes
977 1086 1027 1114 ac
1049 1071 1228 1114 fraudes
1252 1071 1465 1122 detectae,
1500 1071 1711 1114 minorem
1739 1072 1986 1127 plaerisque

181 1140 417 1196 perniciem
451 1140 666 1181 adferant.
717 1139 844 1181 Nono
888 1138 1002 1192 quod
1034 1137 1079 1179 in
1110 1137 1399 1180 familiaribus
1433 1138 1673 1192 colloquijs,
1718 1141 1762 1180 et
1795 1153 1986 1180 commu-

180 1207 306 1249 nibus
341 1205 647 1260 congressibus
689 1205 820 1247 datur
853 1219 878 1246 a
911 1203 1074 1247 nostris
1117 1219 1262 1259 opera,
1311 1207 1359 1246 ut
1393 1207 1592 1246 errantes
1634 1204 1678 1246 in
1709 1204 1793 1247 fide
1826 1204 1986 1247 Catho-

180 1273 309 1316 licam
343 1271 587 1315 doctrinam
621 1273 876 1325 agnoscant,
922 1273 967 1313 et
1009 1270 1123 1313 circa
1165 1270 1285 1312 illam
1318 1270 1577 1313 vacillantes
1616 1270 1659 1312 in
1693 1285 1744 1313 ea
1776 1270 1986 1325 religione

179 1354 309 1393 quam
343 1339 383 1381 S.
419 1338 617 1380 Romana
651 1336 850 1379 Ecclesia
883 1339 1018 1387 tenet,
1062 1336 1204 1391 magis
1242 1336 1470 1391 magisque
1510 1338 1819 1379 confirmentur
1854 1339 1987 1391 atque

177 1406 531 1461 promoueantur.

300 1486 340 1525 4.
375 1483 498 1524 Haec
542 1481 714 1536 aliaque
757 1481 798 1523 id
842 1496 980 1536 genus
1022 1482 1147 1537 plura
1190 1481 1393 1532 remedia,
1439 1496 1550 1536 quae
1591 1481 1635 1524 in
1676 1481 1908 1536 prouintijs
1942 1484 1987 1524 et

181 1549 380 1603 collegijs
399 1547 738 1603 Aquilonaribus
758 1563 881 1590 usum
900 1548 1175 1602 frequentem
1200 1547 1411 1597 obtinent,
1436 1548 1552 1590 haud
1576 1547 1703 1590 dubie
1727 1548 1781 1590 ad
1804 1562 1986 1602 grauem

182 1618 228 1658 et
261 1615 467 1657 laetalem
489 1614 810 1657 haereticorum
834 1617 1002 1669 pestem
1027 1614 1260 1656 arcendam
1284 1617 1417 1668 atque
1442 1614 1691 1665 curandam,
1726 1629 1813 1656 non
1835 1613 1985 1669 paucis

183 1684 363 1724 fuerunt
396 1684 441 1723 et
474 1684 575 1723 sunt
609 1680 833 1731 salutaria,
870 1695 1047 1735 remque
1071 1695 1116 1723 se
1140 1680 1317 1735 dignam
1339 1680 1525 1723 fecerint
1548 1680 1806 1736 superiores,
1842 1680 1878 1722 si
1910 1680 1985 1729 illa

180 1748 276 1803 ipsa
299 1747 440 1801 magis
462 1746 689 1801 magisque
712 1746 911 1789 mandari
935 1746 1215 1801 exequutioni
1240 1746 1446 1789 curarint.
1499 1748 1755 1801 Quanquam
1787 1761 1874 1788 non
1907 1747 1985 1789 abs

180 1829 226 1856 re
259 1813 405 1856 fuerit.
451 1816 499 1855 ut
532 1813 734 1859 arbitror,
780 1813 814 1855 si
858 1813 1072 1867 quaedam
1114 1813 1157 1855 in
1199 1813 1266 1855 his
1308 1813 1478 1868 plenius
1511 1813 1896 1863 constituerentur,
1941 1816 1985 1856 et

181 1880 380 1922 exactius
408 1881 759 1933 ‹J›bseruarentur,
796 1882 843 1921 ut
866 1879 1116 1921 Catholicae
1150 1879 1374 1922 doctrinae
1408 1879 1577 1935 puritas
1610 1880 1691 1921 hoc
1724 1882 1816 1922 tam
1848 1879 1983 1935 pesti-

180 1946 299 1990 lenti.
345 1962 394 1988 ac
438 1945 679 2001 periculoso
722 1949 918 2001 tempore
952 1946 1148 2000 grauiter
1191 1949 1444 2001 oppugnata
1479 1946 1640 1988 rectius
1674 1945 1981 1989 uindicaretur.

178 2013 261 2055 Vbi
296 2013 409 2067 quod
444 2028 524 2066 ego
559 2012 730 2066 quidem
764 2012 904 2054 sentio
940 2012 1124 2067 ingenue
1158 2012 1310 2063 dicam,
1357 2012 1432 2054 sed
1465 2013 1588 2054 saluo
1622 2012 1778 2054 iudicio
1812 2011 1983 2067 sapien-

179 2082 285 2121 tum.
345 2078 543 2133 Optarim
588 2078 629 2120 in
671 2079 834 2133 primis,
878 2079 1110 2120 fmmulam
1155 2079 1272 2120 illam
1314 2078 1598 2133 professionis
1640 2078 1751 2129 fidei,
1796 2093 1925 2133 quam
1959 2093 1985 2120 a

183 2146 302 2187 Pont:
332 2146 450 2187 Max:
487 2145 647 2187 editam
681 2145 880 2187 nouimus
896 2146 922 2195 2',
959 2145 1019 2187 ita
1053 2145 1215 2187 nostris
1250 2145 1597 2187 commendatam
1632 2159 1739 2195 esse,
1776 2148 1823 2187 ut
1857 2148 1983 2199 quot—

179 2211 304 2253 annis
347 2211 389 2253 in
431 2211 550 2252 illam
593 2211 788 2253 iurarent
832 2226 980 2253 omnes
1023 2215 1067 2254 et
1109 2212 1290 2266 singuli:
1335 2211 1396 2253 sic
1430 2211 1542 2254 enim
1586 2226 1734 2253 eorum
1768 2211 1898 2253 animi
1932 2210 1983 2253 in

179 2278 357 2319 medio
390 2277 644 2319 nationis
677 2293 704 2333 p
717 2293 737 2319 r
750 2293 772 2319 a
788 2293 813 2319 u
827 2293 850 2320 a
865 2294 886 2320 e
901 2279 916 2300 ³³
949 2278 1001 2320 de
1034 2278 1205 2332 magnis
1238 2278 1323 2319 illis
1347 2280 1626 2333 oppugnatae
1655 2277 1753 2319 fidei
1788 2277 1984 2320 articulis

178 2359 261 2385 non
296 2344 510 2386 inutiliter
545 2347 588 2386 et
622 2347 939 2386 renouarentur
974 2347 1017 2386 et
1051 2344 1364 2387 stabilirentur.
1422 2343 1622 2399 Optarim
1654 2343 1817 2386 nostris
1851 2343 1983 2386 etiam

179 2409 310 2455 laicis,
356 2410 511 2464 quibus
545 2425 600 2452 ex
634 2410 872 2452 communis
915 2410 1086 2465 patriae
1128 2410 1328 2452 sordibus
1371 2410 1532 2464 aliquid
1573 2409 1729 2465 impuri
1763 2409 1983 2464 dogmatis

178 2476 245 2517 uel
269 2475 508 2518 communis
532 2476 692 2518 erroris
715 2476 842 2518 facile
862 2477 1100 2519 adhaerere
1119 2480 1280 2531 posset.
1305 2476 1446 2518 Patris
1464 2476 1602 2518 nostri
1620 2475 1781 2530 Ignatij
1806 2476 1982 2530 regulas

175 2541 408 2596 aliquoties
442 2542 622 2597 proponi
658 2545 701 2584 et
735 2542 957 2597 explicari.
1001 2543 1175 2596 regulas
1211 2542 1397 2596 inquam,
1438 2543 1663 2597 praeclare
1697 2541 1898 2590 traditas,
1934 2544 1983 2585 ut

176 2623 273 2649 cum
299 2608 545 2650 orthodoxa
565 2608 761 2650 Ecclesia
786 2612 904 2651 recte
928 2609 1168 2651 sentiamus
1181 2609 1209 2650 ·¹.
1247 2608 1460 2663 Optarim,
1484 2608 1527 2650 in
1546 2607 1751 2663 Collegijs
1773 2607 1981 2650 maiorem

176 2673 271 2715 dari
306 2689 480 2729 operam
516 2674 679 2716 nostris
705 2674 944 2724 Germanis,
985 2675 1167 2718 l'olonis.
1210 2674 1353 2729 Belgis
1387 2677 1430 2717 et
1464 2674 1563 2729 alijs
1596 2674 1709 2717 inter
1736 2673 1981 2716 haereticos

177 2740 559 2790 ‹fonnnorantibus,
606 2744 653 2782 ut
695 2741 875 2783 subinde
919 2741 972 2783 ad
1015 2741 1170 2783 matris
1204 2740 1426 2783 Ecclesiae
1465 2741 1533 2782 lac
1566 2743 1776 2794 tanquam
1809 2739 1980 2795 paruuli

179 2807 532 2848 reuocarentur³¹.
583 2807 679 2849 Hoc
713 2810 792 2851 est,
829 2810 876 2849 ut
912 2807 952 2848 in
995 2808 1279 2849 fundamento
1313 2806 1563 2848 Catholicae
1603 2806 1827 2849 doctrinae
1861 2809 1905 2849 et
1936 2805 1980 2848 in

296 2905 324 2932 11⁴)
346 2908 468 2931 Verbum
491 2916 507 2930 a
536 2908 603 2932 [ihr.
632 2916 725 2938 supra
757 2916 869 2931 rer-sum
898 2908 1051 2938 scriplum.
1167 2906 1196 2930 bl
1219 2908 1279 2931 Ilm·
1302 2916 1323 2931 Γ,
1347 2916 1363 2931 a
1388 2909 1416 2931 Γ.
1443 2908 1504 2938 ipso
1530 2910 1574 2936 (ut
1598 2906 1727 2935 ridetur)
1756 2908 1898 2931 insertum
1925 2910 1977 2932 est.

175 2958 201 2971 (ἰ
226 2950 257 2973 ln
280 2950 391 2974 ‘rm-hrt,
416 2957 491 2974 surr.
516 2958 552 2973 rs
573 2957 748 2981 eorumque.

301 3052 305 3068 ¹
339 3052 388 3085 l)e
416 3052 482 3085 hac
515 3052 615 3091 ,fidei
645 3052 869 3095 professione
897 3052 1114 3086 tridentina“
1147 3064 1179 3087 v.
1212 3054 1299 3087 (¹101.
1331 3052 1379 3086 lv
1406 3053 1476 3085 ⁴3:353
1504 3053 1606 3087 ἶ654.

297 3107 308 3122 ’-’
339 3105 434 3138 Fidei
464 3106 724 3148 professionem
754 3106 1008 3143 tridentinam:
1037 3118 1213 3149 v.sllp1‘21‚
1242 3107 1361 3140 adnot.
1390 3107 1416 3141 1.
1543 3106 1555 3123 ³
1585 3106 1664 3140 Phil
1692 3108 1723 3145 2.
1756 3106 1808 3140 12⁷).

295 3159 306 3176 ‘²
336 3159 412 3193 llae
441 3172 459 3193 a
488 3161 521 3193 S.
546 3160 684 3200 ignatio
713 3160 746 3193 in
775 3163 937 3193 extremo
968 3160 1055 3194 libro
1085 3160 1373 3201 ‚Exercitiorum
1401 3160 1666 3204 spiritualium'*
1699 3160 1853 3194 traditae
1880 3162 1975 3194 sunt.

176 3214 228 3246 (Ὗ.
262 3214 466 3246 Ins-tilulum
497 3214 529 3247 S.
550 3214 581 3248 J.
616 3214 658 3246 {ll
690 3214 759 3247 45³8
811 3215 890 3248 ’51)1.

296 3265 308 3283 ⁵
337 3268 388 3300 (Ὗ.
416 3268 423 3299 l
452 3268 520 3300 (¹0r
547 3270 577 3300 53.
613 3269 621 3300 l
655 3270 695 3302 2:
729 3268 824 3301 llebr
850 3269 881 3302 ἴ).
917 3270 956 3301 12
990 3270 1038 3302 13.
