2073 3510
202 201 284 242 131)
729 196 833 230 2168,
865 195 1032 230 Canisius
1060 196 1209 230 Claudio
1239 196 1463 239 Aquavivae.

197 318 515 361 haereticorum
560 320 664 359 nota
712 320 779 358 est
823 316 1090 371 peruicacia.
1139 331 1249 370 quae
1294 316 1411 371 ipsos
1456 331 1638 371 persepe
1680 316 1998 372 incorrigibiles

199 385 350 427 reddit.

318 453 355 493 2.
392 451 517 492 Nunc
552 452 751 504 superest
786 464 835 491 ea
865 448 1084 504 explicare
1118 448 1401 492 incommoda.
1438 463 1548 503 quae
1581 448 1662 491 nisi
1697 452 1995 498 amoueantur,

196 521 370 560 nostros
404 531 501 559 cum
533 515 767 558 haereticis
801 514 1133 569 congredientes
1172 515 1300 556 facile
1341 514 1577 569 impedient
1612 530 1661 557 ac.
1696 515 1996 564 retardabunt,

197 597 453 637 omnemque
486 582 658 624 illorum
693 585 896 623 conatum
920 581 1100 623 reddere
1134 580 1304 622 irritum
1338 584 1529 635 possent.
1574 581 1897 623 Incommodum
1931 585 1998 625 est

196 665 314 693 sane.
349 650 446 691 illos
480 648 666 704 primum
700 648 959 690 accedentes
993 647 1098 689 dure
1133 646 1334 701 excipere
1368 661 1607 702 aspereque
1640 650 1848 691 tractare.
1884 649 1998 702 quod

196 716 301 758 nihil
335 715 391 757 sit
427 714 556 758 aliud.
593 729 721 768 quam
757 717 909 756 contra
934 712 1093 755 Christi
1129 713 1375 768 exemplum
1409 713 1737 755 arundinem
1771 729 1998 768 quassa-

196 786 305 825 tam
348 780 737 835 confringere.
792 783 844 822 et
886 779 1058 820 linum
1106 778 1391 832 fumigans
1434 779 1817 833 extinguere1.
1883 780 2000 830 Quos

196 848 309 891 enim
351 847 546 890 haeresis
589 847 898 889 amarulentos.
943 845 1191 900 suspicaces
1235 848 1279 887 et
1321 846 1374 886 ab
1418 845 1695 889 orthodoxis.
1740 846 1999 900 praesertim

197 918 343 957 autem
378 930 401 956 a
435 913 598 956 nostris
632 913 796 954 alienos
831 911 977 954 efficit.
1023 925 1096 953 eos
1138 910 1191 952 in
1233 910 1443 966 spiritu
1486 911 1754 954 lenitatis
1788 915 2000 967 perpetuo

196 981 436 1023 instrui²
470 978 700 1035 oportebit.
738 978 878 1032 quoad
913 977 1027 1019 omni
1061 977 1247 1019 caritate
1281 980 1325 1019 et
1357 977 1662 1020 beneuolentia
1696 992 1844 1020 eorum
1876 978 2000 1021 nobis

196 1047 362 1090 animos
405 1047 447 1088 in
482 1045 665 1088 Domino
709 1044 998 1086 conciliemus.
1048 1043 1372 1085 Incommodum
1415 1047 1494 1089 est,
1539 1044 1811 1086 contentiose
1854 1059 1998 1099 agere,

196 1128 246 1155 ac
280 1113 332 1155 de
364 1112 463 1154 fidei
498 1113 626 1154 rebus
650 1126 746 1153 cum
770 1110 855 1152 illis
879 1109 1138 1164 disceptare,
1175 1109 1246 1163 qui
1270 1109 1427 1165 spiritu
1451 1110 1808 1153 contradictionis
1830 1110 1997 1159 imbuti,

196 1182 351 1234 suapte
375 1182 531 1234 sponte
555 1178 609 1219 ad
634 1176 936 1219 contentiones
959 1175 1174 1231 procliues
1202 1178 1246 1218 et
1268 1175 1531 1231 praecipites
1555 1190 1651 1218 esse
1674 1176 1828 1225 solent,
1864 1191 1999 1231 eoque

195 1244 336 1299 magis
368 1259 455 1286 non
489 1243 633 1286 uerbis
666 1246 852 1286 tantum.
897 1243 972 1284 sed
1016 1242 1216 1297 exemplo
1259 1242 1392 1284 etiam
1435 1242 1489 1284 ad
1531 1242 1630 1285 fidei
1672 1242 1999 1297 simplicitatem

196 1310 411 1353 alliciendi
446 1325 495 1352 ac
530 1309 763 1352 reuocandi
797 1312 910 1351 sunt.
967 1308 1291 1350 Incommodum
1325 1312 1405 1355 est,
1447 1308 1605 1351 cristas
1639 1312 1683 1351 et
1722 1308 1999 1364 supercilium

196 1391 344 1419 eorum
378 1375 619 1431 deprimere
654 1375 777 1424 uelle.
823 1374 894 1429 qui
929 1389 1095 1417 sensu
1138 1374 1326 1416 carnis
1368 1374 1617 1418 inflati-³.
1662 1374 1743 1417 sibi
1775 1374 1881 1416 nihil
1913 1390 2000 1418 non

196 1456 417 1497 arrogare.
462 1444 507 1484 et
540 1441 775 1484 Catholicis
818 1441 1030 1495 derogare
1074 1440 1324 1482 doctoribus
1356 1456 1443 1483 non
1476 1444 1695 1484 uerentur.
1739 1441 2000 1496 praesertim

196 1509 238 1551 in
280 1523 413 1551 causa
455 1507 677 1562 religionis
717 1507 907 1550 omnium
941 1506 1208 1550 difficillima.
1253 1521 1364 1561 quae
1396 1522 1483 1549 non
1521 1507 1603 1549 nisi
1637 1522 1662 1549 a
1695 1507 1890 1562 paruulis
1922 1522 2000 1563 per

196 1578 430 1630 angustam
462 1574 724 1617 humilitatis
758 1574 873 1616 uiam
906 1572 1293 1627 ingredientibus&
1338 1576 1382 1615 et
1414 1573 1636 1628 proprium
1669 1573 2000 1616 intellectum

196 1641 659 1697 eaptiuantibuss‘
707 1640 788 1683 rite
834 1639 997 1695 percipi
1044 1642 1175 1694 atque
1221 1639 1402 1694 iudicarj
1448 1643 1608 1695 potest.
1674 1640 1774 1682 Non
1815 1643 2000 1695 possunt

197 1711 343 1750 autem
376 1707 483 1749 sibi
516 1723 602 1750 11011
635 1707 915 1762 placere⁴⁵.
951 1709 995 1748 et
1019 1709 1171 1748 contra
1195 1710 1478 1761 praeceptum
1502 1706 1803 1761 Apostolicum
1838 1706 1999 1749 altum

196 1774 446 1829 sapere‘.
495 1788 602 1828 quos
647 1773 827 1815 infoelix
873 1772 1192 1814 haereticorum
1235 1775 1378 1814 mater
1422 1772 1625 1827 superbia
1672 1775 1716 1815 et
1761 1772 1912 1827 genuit
1954 1776 1999 1815 et

197 1840 410 1883 educauit.
462 1840 786 1882 Incommodum
831 1842 917 1881 est.
964 1837 1229 1881 mentionem
1275 1853 1423 1881 93111111
1468 1854 1612 1881 19111111
1656 1838 1742 1881 illis
1784 1838 1996 1893 ingerere,

197 1922 304 1961 quas
338 1907 390 1948 de
423 1920 542 1947 more
576 1909 746 1948 sectae⁸
782 1906 944 1947 habent
977 1904 1153 1949 inuisas,
1190 1905 1300 1947 etin
1330 1905 1485 1959 quibus
1518 1905 1704 1947 libenter
1738 1906 1998 1960 obstrepunt

197 1972 464 2016 orthodoxis.
510 1975 662 2027 utpote
696 1986 792 2013 cum
826 1971 1006 2013 audiunt
1050 1971 1102 2013 de
1136 1970 1420 2014 confessione.
1465 1971 1781 2015 satisfactione.
1825 1970 1996 2021 ieiunio,

197 2038 464 2095 purgatorio.
509 2038 806 2092 indulgentijs.
852 2037 966 2079 uotis
1008 2037 1274 2080 monasticis.
1320 2037 1757 2092 peregrinationibus.
1823 2037 1998 2079 Etenim

197 2105 398 2160 quoniam
423 2104 562 2146 instar
585 2104 927 2146 febricitantium
952 2103 1036 2145 illis
1060 2104 1256 2158 palatum
1279 2103 1488 2145 infectum
1513 2106 1592 2147 est.
1628 2104 1679 2145 de
1702 2103 1998 2145 huiuscemodi

196 2172 301 2214 cibis
334 2173 468 2226 probe
502 2171 692 2213 iudicare
725 2186 811 2212 non
844 2174 1039 2225 possunt.
1085 2174 1129 2212 et
1162 2173 1371 2224 tanquam
1406 2169 1576 2225 paruuli
1609 2170 1724 2212 lacte
1758 2169 1954 2223 indigent
1968 2170 1996 2212 ⁸.

197 2238 407 2294 paulatim
451 2238 504 2279 ad
548 2240 831 2279 controuersa
875 2236 948 2278 illa
988 2237 1195 2290 dogmata
1229 2236 1507 2291 prouehendi.
1559 2236 1882 2278 Incommodum
1916 2238 1996 2279 est.

197 2305 310 2359 apud
354 2320 427 2344 eos
470 2303 512 2345 111
556 2303 817 2345 excusandis
858 2302 1265 2345 Ecclesiasticorum
1310 2302 1517 2344 abusibus
1558 2302 1743 2344 multum
1782 2302 1996 2352 laborare,

197 2370 398 2424 quoniam
433 2369 604 2424 publica
639 2369 746 2411 uitia
781 2369 953 2411 eleuare
986 2384 1072 2411 11011
1106 2369 1279 2413 attinet.
1316 2372 1359 2411 et
1383 2369 1434 2410 de
1458 2368 1692 2411 Catholicis
1716 2371 1999 2423 praepostere

197 2436 389 2478 iudicant
422 2435 649 2490 multiplici
684 2450 878 2477 errorum
912 2437 1038 2477 trabe
1053 2437 1067 2458 ²¹
1102 2434 1309 2490 impediti.
1355 2438 1487 2489 atque
1521 2450 1545 2476 a
1579 2434 1669 2476 suis
1702 2433 1826 2476 nouis
1859 2433 1998 2488 magi-

196 2502 300 2544 stris
333 2502 393 2544 ita
429 2502 633 2544 instituti.
669 2505 717 2543 ut
740 2501 908 2556 piorum
921 2501 1063 2550 ,etiam
1088 2504 1338 2543 sanctorum
1369 2501 1595 2556 praeclara
1619 2500 1775 2542 merita
1801 2503 1845 2542 et
1867 2501 1998 2542 bene-

197 2570 316 2610 facta
341 2568 524 2610 libenter
548 2567 878 2610 calumnientur.
924 2568 1246 2609 Incommffllum
1271 2571 1350 2610 est.
1387 2567 1438 2609 de
1463 2582 1565 2609 uero
1601 2566 1845 2621 scripturae
1868 2580 1998 2608 sensu

196 2649 292 2676 cum
326 2634 410 2676 illis
444 2633 661 2678 altercari.
697 2633 769 2687 qui
803 2648 1027 2675 commune
1061 2633 1262 2676 iudicium
1288 2633 1510 2675 Ecclesiae
1538 2636 1582 2675 et
1605 2635 1779 2688 patrum
1803 2631 1998 2674 authori-

196 2704 334 2743 tatem
368 2700 708 2754 subterfugiunt.
757 2703 801 2742 et
834 2699 876 2741 in
910 2700 1061 2742 eadem
1097 2714 1227 2742 causa
1263 2699 1389 2741 simul
1424 2702 1596 2741 actores
1630 2702 1673 2741 et
1707 2698 1870 2740 iudices
1903 2711 1998 2740 esse

196 2767 477 2810 contendunt.
514 2769 645 2820 atque
670 2767 723 2808 ad
747 2767 884 2808 solam
918 2766 1161 2821 scripturae
1194 2765 1366 2807 diuinae
1398 2765 1571 2807 literam
1594 2766 1836 2820 prouocant
1859 2763 1998 2819 impu-

196 2833 361 2875 denter.
413 2836 554 2883 Quare
578 2832 874 2875 Tertullianus
908 2847 1003 2875 cum
1027 2832 1094 2874 his
1117 2831 1224 2873 inire
1259 2835 1480 2874 certamen
1514 2830 1776 2886 prohibet¹⁰.
1812 2833 1856 2873 et
1879 2830 1997 2885 Apo-

322 2989 326 3006 ¹
357 2990 411 3023 Mt
442 2990 494 3024 12.
523 2990 587 3023 120:
617 2990 661 3022 cf.
696 2988 728 3020 ls
756 2988 811 3022 42.
840 2988 871 3022 «²3.
999 2988 1010 3005 ‘·'
1039 2986 1104 3021 (inl
1134 2988 1164 3021 11.
1198 2988 1224 3021 l.
1352 2986 1363 3002 ³²
1391 2987 1452 3020 (¹01
1482 2987 1513 3021 2,
1546 2987 1598 3020 18.

322 3043 327 3059 ¹
358 3044 411 3076 (ff.
443 3043 492 3076 Mt
524 3043 554 3077 ἶ.
587 3043 647 3078 14ζ
680 3043 732 3076 18,
761 3043 782 3075 «⁴3
810 3042 851 3078 4:
883 3043 939 3076 Mc
971 3043 1022 3075 10.
1057 3041 1116 3076 15:
1149 3041 1194 3075 Le
1224 3042 1276 3075 10.
1306 3042 1361 3075 21.
1464 3039 1477 3058 ⁵
1504 3042 1525 3074 ’.2
1545 3040 1613 3074 Cor
1642 3042 1695 3076 10.
1724 3040 1755 3074 ἶ).

317 3097 330 3111 ‘³
358 3098 378 3130 2
407 3096 492 3129 l'etr
518 3098 549 3132 2,
584 3097 642 3131 1();
673 3097 716 3131 cf.
748 3096 834 3129 Rom
869 3097 918 3130 15.
948 3098 979 3130 53.
1101 3094 1109 3112 ³
1139 3095 1226 3128 Rom
1258 3096 1310 3130 11.
1339 3096 1403 3129 2οῑ
1436 3096 1488 3129 12.
1520 3096 1572 3129 16.

318 3154 329 3164 “
357 3152 410 3184 (Ὺ.
443 3150 539 3183 Holu-
566 3151 597 3184 ἶ).
630 3152 671 3184 12
705 3152 764 3185 133:
798 3151 808 3183 l
834 3150 903 3183 (¹01·
928 3151 960 3185 3.
994 3151 1004 3183 l
1037 3151 1068 3184 2’.
1188 3150 1201 3166 '¹'
1229 3149 1282 3183 Cf.
1313 3149 1366 3183 Mt
1395 3149 1424 3185 Ῑ,
1453 3149 1474 3183 3
1501 3149 1542 3184 4:
1573 3148 1618 3182 Le
1647 3149 1678 3184 (3,
1707 3148 1748 3181 41
1779 3148 1834 3182 4'2.

308 3205 332 3221 '¹'
362 3204 587 3247 -.seripturas
615 3204 823 3238 obtendunt.
862 3208 895 3237 et
924 3204 990 3237 ha(-
1018 3215 1083 3237 sua
1112 3203 1261 3237 andacia
1296 3203 1421 3237 statim
1450 3202 1623 3245 quosdam
1651 3204 1818 3236 movent:
1856 3201 1891 3235 in
1919 3200 1996 3244 ipso

199 3271 282 3292 vero
310 3270 504 3302 congressu
534 3260 655 3291 firmos
675 3258 818 3301 quidem
850 3258 1015 3302 fatigant.
1046 3257 1205 3291 infirmos
1233 3257 1390 3300 capiunt,
1420 3256 1556 3290 medios
1583 3267 1663 3290 cum
1688 3255 1858 3299 scrupulo
1877 3254 1996 3288 dimit-
