2073 3510
658 201 817 234 Lucerna
849 201 899 234 lu.
921 200 1144 243 Septembris
1174 200 1275 235 15⁸4.
1783 203 1865 245 1201

190 326 360 358 (anisius
380 324 502 356 lau-emi.
525 322 725 356 Ιί,11[(ινι“(ι(>
744 321 780 354 Γ.
800 319 1051 362 (Einse'edeln).
1093 321 1261 362 Hectores,
1285 323 1532 364 J)t·m·1'n‹‘iali.s·,
1560 323 1669 355 leuius
1698 321 1870 365 „socius-‘st

71 382 310 414 Bor-romaem-
350 381 512 411 risitator
550 377 802 409 Ilelae-etimwm.
866 376 1004 407 Ilm-um
1047 376 1274 409 ianlweillitas.
1331 377 1512 409 luisses-sni
1550 378 1636 409 libri
1671 382 1700 409 et
1738 381 1870 411 missin,

7 424 12 437 ’1

0 447 12 481 ti

2 1607 5 1620 a
3 1588 5 1600 -
0 1564 5 1582 <⁴
0 1527 6 1557 1.-
0 1235 7 1517 *mma—tw
0 1006 8 1226 „g-a-xa--a-ff-
0 926 9 995 ..aar

70 436 107 469 Ι).
134 434 305 467 Valentia.
354 434 451 475 Opus
479 432 703 464 Marianum.

354 517 380 566 †
414 517 507 558 Pax
541 514 700 558 Christi
733 515 838 556 ‚lesu
873 515 996 556 nobis
1029 517 1222 557 aeterna.

473 581 717 624 Admodum
752 580 989 622 reuerende
1023 580 1167 622 Pater.

186 656 396 706 Quoniam
429 653 607 696 beatiss.
643 653 867 707 Virginem
909 653 951 693 in
986 652 1210 701 Einseitel,
1256 655 1304 695 vt
1338 655 1586 696 uocanuls¹.
1631 655 1770 705 inuisi,
1816 655 1868 696 ad

67 724 146 765 hoc
179 722 337 764 diuerti
371 720 615 773 collegium,
651 719 727 761 sed
761 734 862 760 mox
896 718 1156 772 Friburgum
1191 719 1298 760 duce
1333 719 1504 761 Christo
1540 723 1749 762 reuertar.
1807 721 1870 762 Do

68 788 151 831 alia
193 788 463 842 profectione
507 788 551 828 et
593 785 773 827 concilio
807 785 988 827 Patrum
1023 785 1252 838 Augustae
1285 785 1401 827 Julio
1444 800 1592 827 mense
1635 787 1869 830 celebrato.

67 855 133 898 cui
166 855 298 897 etiam
331 853 522 902 interfui,
558 852 685 894 modo
719 851 825 893 nihil
859 851 1076 905 attingam
1092 852 1118 892 ‘·'.
1176 851 1383 894 Delectus
1416 855 1676 907 procurator
1691 853 1706 875 ³⁵
1739 868 1870 906 quum

67 922 208 964 isthuc
250 935 328 976 per
370 921 438 962 dei
481 918 670 974 gratiam
715 917 962 969 accesserit,
1007 918 1059 960 (10
1102 918 1238 960 totius
1280 918 1526 973 prouintiae
1569 921 1690 961 statu
1725 934 1869 961 coram

67 990 268 1043 exponet.
321 987 521 1043 Optarim
564 1000 645 1040 ego
689 1000 794 1027 sane
836 985 1044 1027 maiorem
1088 985 1275 1027 cumP..
1300 985 1597 1027 Prouintiale⁴
1634 985 1870 1028 Rectorum

67 1053 415 1104 consensionem,
463 1056 596 1107 atque
642 1055 690 1094 ut
735 1052 771 1093 is
816 1052 1024 1093 maiorem
1071 1051 1261 1093 omnium
1306 1052 1655 1094 beneuolentiam
1702 1052 1783 1093 sibi
1826 1052 1871 1093 in

66 1120 248 1163 Domino
282 1119 547 1162 conciliaret.
598 1119 819 1161 Fortassis
861 1118 1000 1160 eidem
1043 1121 1088 1161 et
1130 1118 1326 1172 collegijs
1366 1118 1574 1161 maiorem
1607 1132 1758 1173 pacem
1795 1118 1872 1161 ad—

65 1188 213 1237 ferret,
259 1187 295 1229 si
336 1189 533 1241 tempore
577 1185 842 1228 uisitationis
875 1200 1007 1227 vnum
1042 1199 1064 1226 e
1097 1185 1308 1240 professis
1351 1185 1565 1239 collegam
1599 1185 1667 1227 uel
1707 1186 1869 1227 socium

66 1246 145 1296 sibi
179 1252 431 1295 adiunctum
464 1253 648 1294 haberet
681 1251 753 1306 qui
775 1251 822 1293 P.
849 1251 1021 1293 Simone
1044 1251 1234 1293 nondum
1267 1252 1466 1306 professo
1500 1252 1668 1306 gratior
1701 1251 1872 1305 fideque

66 1319 235 1374 dignior
267 1319 423 1361 foret-⁷³.
474 1319 638 1360 Verum
672 1318 766 1360 dari
800 1318 970 1360 ueniam
1012 1317 1117 1359 mihi
1151 1317 1292 1368 uelim,
1341 1317 1455 1371 quod
1497 1318 1686 1360 iniussus
1729 1318 1871 1360 aliena

65 1387 264 1435 tractem,
299 1399 553 1439 summoque
576 1384 742 1427 medico
765 1384 1010 1426 huiusmodi
1033 1386 1281 1426 nostrorum
1312 1384 1636 1426 imbecillitates
1659 1386 1868 1438 tanquam

66 1452 207 1494 senior
241 1452 457 1506 detegam,
500 1451 760 1506 praesertim
794 1454 844 1493 vt
877 1451 1092 1493 communi
1134 1451 1380 1505 prouintiae
1414 1451 1575 1493 rectius
1609 1451 1652 1492 in
1685 1451 1871 1493 Domino

66 1518 329 1561 consulatur.

67 1576 69 1579 ¹
185 1585 285 1626 Non
318 1584 521 1639 respondi
554 1584 768 1626 hactenus
800 1584 846 1625 P.
873 1584 920 1625 T.
955 1584 1100 1626 literis
1128 1598 1276 1625 mense
1310 1583 1535 1638 Februarij
1571 1583 1698 1626 datis.
1754 1583 1868 1625 Nam

67 1651 179 1705 quod
213 1651 267 1692 ad
299 1651 533 1693 Jllustriss.
560 1650 683 1693 Card.
710 1651 994 1692 Borromeuln
1022 1651 1184 1693 attinet
1198 1650 1225 1699 ⁶,
1261 1650 1296 1691 is
1329 1650 1520 1692 nondum
1552 1650 1636 1692 huc
1670 1651 1869 1705 accessit.

66 1720 197 1771 atque
231 1719 280 1760 ut
311 1717 501 1759 maxime
535 1717 729 1767 accedat,
764 1717 899 1759 habet
922 1717 1092 1759 abunde
1116 1717 1189 1771 qui
1222 1731 1319 1759 eum
1347 1717 1539 1772 excipiat
1572 1719 1704 1770 atque
1738 1717 1871 1759 001111-

65 1786 184 1826 tetur
225 1784 269 1825 in
311 1784 562 1826 uisitatione
603 1784 650 1826 P.
685 1784 918 1826 Rectorem
958 1783 1328 1826 LucernensemT:
1379 1797 1460 1837 ego
1504 1784 1558 1826 ab
1600 1783 1672 1825 illo
1716 1784 1870 1825 abesse

0 1847 3 1895 ἶ
65 1850 191 1901 malo,
227 1865 354 1904 quam
389 1850 451 1892 illi
480 1864 575 1893 esse
597 1850 839 1901 familiaris,
875 1864 1003 1905 quem
1026 1850 1154 1892 credo
1177 1850 1287 1892 satis
1310 1853 1515 1892 exactum
1537 1849 1632 1892 fore
1654 1850 1868 1892 medicum

0 1909 3 1912 Α
64 1916 379 1967 Heluetiorum,
424 1917 497 1971 qui
528 1917 633 1959 mihi
666 1918 775 1960 satis
818 1918 958 1959 teneri
991 1919 1036 1959 et
1076 1917 1314 1959 imbecilles
1347 1916 1563 1967 uidentur,
1606 1917 1868 1971 praesertim

65 1982 101 2024 si
132 1982 310 2025 hulcera
343 1997 491 2025 eorum
524 1984 690 2026 modice
725 1984 1015 2038 attingantur.

184 2049 211 2091 J
215 2063 284 2091 am
308 2064 411 2092 uero
434 2050 480 2091 P.
505 2050 781 2101 Posseuinus,
817 2051 881 2092 uti
914 2065 1054 2105 spero,
1090 2051 1133 2092 in
1165 2050 1283 2092 hisce
1306 2050 1556 2104 regionibus
1580 2051 1663 2092 erit
1686 2050 1869 2100 cautior,

65 2117 109 2157 et
141 2115 243 2169 quia
274 2116 444 2170 publice
478 2130 573 2158 0001
608 2116 681 2158 1110
710 2118 880 2171 pugnat
902 2116 1045 2158 Dauid
1068 2116 1326 2171 Chytraeus‚
1362 2116 1405 2157 in
1438 2116 1665 2158 scribendo
1700 2119 1745 2158 et
1777 2116 1870 2171 ipse

189 2266 195 2283 ¹
224 2265 459 2310 Significatur
483 2266 755 2300 *monasterium
791 2265 1059 2299 benedictinum
1097 2265 1219 2299 Eremi
1254 2265 1390 2300 Beatae
1422 2266 1561 2300 Mariae
1588 2266 1754 2311 Virginis
1790 2267 1870 2301 sive

65 2319 284 2359 Einsiedeln,
314 2320 408 2363 quod
429 2332 524 2354 nunc
544 2332 687 2363 quoque
714 2332 825 2354 unum
845 2333 889 2355 ex
908 2320 1080 2355 maximis
1099 2320 1293 2354 Helvetiae
1319 2321 1542 2354 ornamentis
1561 2324 1628 2356 est.
1667 2321 1869 2363 Quotannis

63 2372 120 2409 die
150 2374 202 2408 14.
224 2373 447 2417 Septembris
475 2374 523 2408 ibi
550 2386 682 2419 magno
710 2387 791 2408 cum
819 2375 943 2419 populi
970 2386 1148 2409 concursu
1176 2374 1253 2408 dies
1280 2375 1553 2409 anniversarius
1580 2375 1703 2419 agitur
1729 2376 1869 2410 dedica-

65 2427 173 2462 tionis
199 2428 386 2463 ecclesiae.
436 2428 600 2463 Tradunt
626 2432 760 2469 autem,
789 2429 975 2463 Christum
1002 2429 1120 2472 ipsum
1149 2429 1291 2473 angelis
1318 2429 1494 2472 stipatum
1523 2441 1563 2463 eo
1591 2429 1647 2463 die
1675 2430 1867 2464 ecclesiam

65 2492 297 2516 consecrasse
336 2482 654 2527 („Engelxveil1e“).
717 2482 815 2517 Satis
852 2483 965 2528 igitur
1001 2486 1139 2517 certum
1177 2486 1253 2523 est,
1291 2483 1477 2517 Canisium
1517 2483 1601 2518 huic
1641 2484 1868 2518 sollemnitati

65 2534 285 2571 interfuisse.
326 2536 381 2570 Ad
401 2549 490 2577 eam,
519 2540 617 2581 puto,
645 2537 772 2571 fideles
799 2537 1049 2583 friburgenses
1076 2537 1153 2581 ipse
1181 2537 1346 2572 adduxit.v
1385 2538 1452 2572 His
1471 2549 1576 2572 sacra
1594 2538 1684 2573 haec
1710 2539 1869 2583 peregri-

64 2591 162 2624 natio
198 2591 306 2625 valde
342 2594 448 2636 grata
485 2595 521 2626 et
557 2604 641 2626 cara
676 2595 773 2632 erat,
811 2595 850 2627 et
885 2592 1056 2627 Canisius
1091 2605 1171 2627 eam
1208 2593 1315 2627 valde
1352 2593 1648 2635 c01nmendabat3
1687 2594 1732 2628 cf.
1761 2594 1867 2634 infra,

65 2655 220 2680 monum.
244 2646 347 2680 1331.

185 2697 197 2717 ²
224 2699 396 2734 Interfuit
431 2700 703 2745 congregationi
739 2701 955 2744 provinciali
992 2701 1178 2736 Sociorum
1206 2701 1422 2736 Germaniae
1450 2702 1654 2746 Superioris
1691 2714 1711 2737 a
1741 2703 1795 2738 14.
1824 2703 1867 2737 ad

65 2752 120 2788 23.
148 2753 230 2787 Iulii
260 2754 352 2788 1584
378 2754 543 2795 habitae3
572 2754 614 2789 de
643 2767 714 2798 qua
740 2767 774 2790 v.
804 2755 907 2796 infra,
936 2768 1093 2791 monum.
1119 2756 1221 2791 1360.

185 2806 198 2824 ³³
224 2807 263 2842 P.
283 2807 528 2843 Theodoricus
556 2808 734 2844 Canisius.
884 2810 897 2828 ⁴
926 2810 1080 2855 Georgio
1108 2810 1235 2846 Bader.

185 2860 198 2879 5
225 2861 265 2895 In
292 2862 309 2880 *
326 2863 494 2905 Cataloyo
520 2863 664 2907 collegii
683 2864 913 2898 monacensis
932 2876 962 2899 a.
985 2865 1076 2898 1587
1096 2865 1248 2899 Romam
1267 2865 1313 2899 ad
1331 2865 1564 2908 Aquavivam
1584 2866 1695 2899 misso
1717 2868 1869 2909 apparet

70 2914 128 2953 ,R
149 2914 270 2948 Simon
298 2915 430 2949 Hiendl
457 2916 777 2960 Jngolstadiensis,
806 2917 991 2952 Annorum
1018 2919 1075 2959 37,
1104 2918 1139 2952 in
1167 2918 1347 2953 Societate
1376 2918 1491 2953 Annis
1520 2920 1574 2953 17.
1619 2918 1868 2953 Scholasticus

66 2968 286 3011 approbatus
314 2986 321 2993 ·
348 2969 438 3003 Boni
476 2970 599 3013 iudicij
637 2973 674 3005 et
710 2971 930 3012 industriae,
968 2972 1059 3006 bone
1094 2975 1284 3016 praeterea
1319 2976 1357 3007 et
1391 2985 1532 3007 secure·
1555 2973 1864 3007 conuersationis*

65 3020 120 3063 (G.
139 3021 223 3066 Sup.
244 3023 288 3057 19
307 3023 331 3057 f.
353 3023 419 3065 16).
457 3023 590 3058 Hiendl
617 3024 823 3066 (Hunelius)
848 3028 976 3069 postea
1003 3029 1121 3060 rector
1147 3026 1383 3071 collegiorum
1410 3027 1673 3061 ratisbonensis
1692 3030 1729 3060 et
1746 3038 1867 3060 mona—

67 3075 184 3109 censis
203 3076 275 3110 fuit
291 3076 423 3120 (Duhr,
445 3077 518 3112 Jes.
540 3078 553 3111 Ι
573 3078 643 3112 210
670 3077 761 3119 629).
802 3079 983 3114 Monachii
1006 3080 1059 3114 18.
1080 3080 1238 3125 Augusti
1259 3081 1349 3115 1591
1377 3081 1577 3114 sollennem
1603 3080 1866 3124 professionem

67 3132 220 3171 quatuor
238 3133 404 3165 votorum
432 3131 554 3166 emisit
579 3132 676 3173 (Cod.
701 3133 794 3174 „Jes
817 3133 906 3167 710¹“
938 3134 962 3168 f.
986 3135 1032 3168 1¹³.
1060 3134 1242 3168 Monachii
1262 3134 1298 3168 in
1319 3134 1467 3168 archivo
1486 3134 1621 3168 maiore
1646 3134 1867 3178 reipublicae

66 3182 280 3225 bavaricae).

185 3236 199 3255 ‘³
224 3238 317 3272 Vide
343 3250 454 3282 supra
479 3252 512 3283 p.
536 3239 620 3274 191³
649 3242 726 3275 192.
855 3240 864 3258 ⁷
892 3242 1089 3275 Martinum
1117 3241 1372 3276 Leubenstain.
