2073 3510
473 198 648 242 Friburgo
675 197 927 231 Helvetiorum
955 197 1057 231 initio
1084 210 1129 232 m.
1153 198 1308 232 Ianuarii
1339 200 1441 234 1583.
1774 202 1856 243 129

61 319 626 377 imperuestigabiles
660 319 780 361 uias
814 318 959 361 eius¹
995 319 1207 361 curiosius
1231 336 1359 374 quam
1395 321 1542 363 utilius
1577 325 1856 376 perscrutan-

61 392 144 439 tur,
189 387 346 442 quique
379 402 464 429 non
497 385 606 428 satis
639 385 892 440 expendunt
924 385 1051 427 illud:
1088 386 1311 428 Altiora
1345 390 1394 429 te
1428 403 1453 428 11
1468 404 1489 427 e
1524 405 1548 442 q
1564 388 1752 430 uaesie
1766 389 1855 439 ris,

60 458 114 497 et
154 453 401 496 fortiora
446 455 499 494 te
544 467 606 494 ne
648 454 944 494 scrutatus
989 451 1191 499 fueris,
1245 453 1338 494 sed
1383 468 1519 507 quae
1563 454 1857 509 praecepit

60 520 165 564 tibi
199 521 364 569 Deus,
400 518 501 560 illa
534 517 725 572 cogita
758 532 996 572 semper:
1032 521 1085 559 et
1118 517 1166 559 in
1199 518 1436 573 pluribus
1471 520 1579 561 eius
1613 521 1857 575 operibus

59 601 122 629 ne
164 585 342 628 fueris
385 584 684 627 curiosus².
734 584 827 625 Nos
870 583 1126 638 prudentem
1170 598 1220 626 ac
1262 584 1450 639 peritum
1483 586 1695 627 medicum
1739 589 1857 628 recte

60 651 337 701 imitabimur,
382 650 453 704 qui
487 665 617 704 quum
659 649 702 691 in
744 651 893 691 morbo
936 649 1063 691 amici
1105 649 1365 703 grauissimo
1407 651 1598 692 curando
1642 655 1856 701 uersatur,

61 731 357 773 quaecumque
389 715 456 758 sui
487 715 678 758 muneris
712 718 757 757 et
779 715 888 757 artis
910 715 1086 770 propria
1111 729 1206 757 esse
1235 715 1454 770 intelligit,
1489 716 1657 759 solicite
1681 717 1858 759 adhibet

61 799 111 827 ac
149 785 386 839 pertentat,
429 782 535 824 nihil
578 784 626 824 ut
667 781 799 836 studij
844 796 894 823 ac
937 796 1095 836 operae
1137 781 1205 824 die
1248 796 1298 824 ac
1340 785 1467 825 nocte
1506 783 1856 837 praetermittat:

60 852 265 893 euentum
307 863 410 891 uero
453 847 690 890 curationis
733 846 906 889 authori
948 850 1146 898 naturae,
1190 850 1235 890 et
1268 847 1423 890 salutis
1456 848 1643 890 humane
1676 848 1858 903 principi

60 918 152 959 Deo
184 914 414 971 permittit,
457 913 572 956 illius
605 927 729 969 opem
763 913 980 969 implorat,
1016 928 1066 955 ac
1100 913 1208 955 alios
1241 913 1474 969 implorare
1507 914 1639 965 iubet,
1675 929 1726 957 ac
1757 914 1859 957 licet

60 997 107 1025 se
147 982 289 1037 ipsum
330 980 528 1023 sedulum
560 979 641 1022 Dei
683 982 1012 1034 cooperatorem
1056 982 1100 1022 et
1140 982 1326 1022 naturae
1359 979 1605 1022 ministrum
1639 980 1858 1030 exhibeat,

60 1052 209 1092 tamen
249 1047 421 1090 diuinae
462 1045 686 1102 potentiae
728 1060 778 1088 ac
820 1045 1142 1088 misericordiae
1184 1060 1356 1102 semper
1397 1046 1560 1101 primas
1603 1046 1758 1097 defert,
1806 1061 1860 1088 ex

60 1114 182 1157 cuius
225 1116 333 1156 nutu
379 1112 497 1155 uitae
541 1112 757 1154 humanae
801 1115 1035 1162 momenta,
1083 1114 1128 1154 et
1172 1126 1293 1167 spem
1335 1112 1648 1155 incolumitatis
1691 1127 1861 1155 omnem

59 1180 249 1236 pendere
282 1180 468 1221 constat.
518 1177 705 1221 Proinde
738 1179 787 1220 ut
824 1179 949 1220 firma
987 1177 1046 1220 sit
1078 1178 1208 1229 basis,
1253 1178 1321 1220 cui
1354 1193 1451 1221 cum
1492 1179 1725 1222 haereticis
1759 1194 1860 1222 con-

61 1244 255 1301 gressuri
277 1247 653 1300 superstruen1us³
672 1240 746 1297 [?],
777 1258 864 1286 non
885 1243 1012 1286 modo
1035 1244 1410 1299 pusillanimitatis
1437 1247 1569 1299 atque
1593 1245 1860 1288 diffidentiae

61 1311 241 1354 consilia
271 1310 415 1353 omnia
444 1309 780 1365 repudiabimuS,
817 1323 968 1352 uerum
1003 1309 1136 1352 etiam
1168 1310 1221 1352 de
1253 1310 1460 1353 adfutura
1491 1311 1615 1353 nobis
1650 1311 1861 1354 immensa

60 1377 142 1421 Dei
163 1377 360 1420 bonitate
383 1376 605 1431 ingentem
627 1375 829 1418 fiduciam
853 1375 1155 1431 concipiemus,
1191 1378 1239 1419 ut
1263 1376 1334 1431 qui
1357 1377 1475 1419 solus
1505 1392 1565 1419 ex
1598 1377 1861 1433 lapidibus

62 1444 195 1487 etiam
235 1443 397 1485 filios
439 1436 699 1485 Abrahae
741 1441 1041 1492 suscitat³,
1090 1445 1134 1485 et
1175 1446 1425 1485 mortuos
1469 1443 1760 1494 uiuificat,
1808 1446 1862 1486 et

62 1525 120 1553 ea
155 1524 292 1564 quae
324 1524 422 1551 non
455 1511 605 1559 sunt,
640 1511 905 1562 tanquam
938 1522 998 1550 ea
1032 1523 1170 1562 quae
1203 1512 1333 1551 sunt
1360 1510 1566 1560 uocat4,
1601 1510 1861 1565 praesertim

63 1576 135 1619 ubi
167 1591 263 1618 cum
304 1578 431 1631 patre
465 1574 689 1617 Abraham
731 1576 929 1616 contra
971 1588 1119 1631 spem
1162 1574 1213 1617 in
1255 1590 1403 1630 spem
1447 1576 1766 1627 credimus-⁷),
1811 1590 1862 1618 ac

61 1641 400 1696 magnanimiter
433 1655 488 1683 ex
520 1640 614 1696 ipso
638 1640 809 1695 gratiae
833 1640 971 1683 omnis
995 1641 1187 1683 authore·
1212 1642 1461 1696 pendemus.
1517 1642 1613 1684 Hac
1647 1657 1751 1696 ergo
1785 1656 1861 1697 spe

61 1707 304 1762 fiduciaque
336 1706 514 1758 suffulti,
556 1721 804 1749 successum
836 1709 1014 1749 nostrae
1047 1707 1300 1762 piscationis
1333 1708 1577 1750 Domino
1619 1708 1862 1750 messis6

62 1774 395 1825 committemus,
440 1776 485 1816 et
515 1773 731 1815 humanae
764 1772 947 1815 rationis
981 1773 1251 1827 argumentis
1283 1789 1369 1816 non
1402 1777 1575 1816 tantum
1607 1774 1860 1825 tribuemus,

62 1843 111 1883 ut
132 1840 176 1883 in
199 1841 375 1891 orando,
406 1839 692 1889 exhortando,
728 1839 922 1893 urgendo
944 1841 1143 1881 nostrum
1166 1840 1361 1882 laborem
1384 1855 1434 1882 ac
1457 1840 1647 1883 studium
1672 1856 1860 1895 unquam

61 1906 481 1962 praetermittamus.
532 1905 653 1955 Quod
676 1904 713 1947 si
735 1904 959 1959 negotium
983 1919 1114 1959 aegre
1138 1906 1357 1957 succedat,
1393 1909 1437 1949 et
1460 1907 1583 1949 uaria
1606 1922 1652 1949 se
1677 1909 1863 1951 offerant

62 1972 384 2028 impedimenta,
418 1971 543 2013 nobis
577 1970 710 2013 etiam
743 1970 906 2013 dictum
939 1970 1043 2012 illud
1076 1971 1349 2026 putabimus:
1384 1973 1658 2016 Patientes
1691 1977 1862 2017 estote

62 2038 280 2088 fratres,
317 2052 434 2080 ecce
466 2037 723 2092 agricola
757 2039 1028 2092 expectat
1059 2038 1375 2092 preciosum
1409 2039 1637 2082 fructum
1672 2044 1860 2092 terrae,

62 2103 354 2159 patienter
398 2104 590 2146 ferens
636 2103 808 2145 donec
854 2103 1107 2158 accipiat
1151 2106 1572 2159 temporaneum
1618 2110 1672 2149 et
1717 2122 1862 2150 sero-

61 2170 278 2213 tinum?
342 2169 386 2212 Si
428 2169 542 2212 enim
584 2170 698 2224 apud
739 2184 935 2211 morosos
978 2173 1185 2224 aegrotos
1228 2171 1351 2221 ullos,
1399 2172 1468 2213 uel
1510 2171 1706 2227 inprimis
1749 2174 1862 2228 apud

61 2236 307 2279 haereticos
340 2251 365 2278 a
397 2235 624 2278 teterrimo
659 2236 823 2278 Satana
865 2235 1118 2287 fascinatos,
1162 2236 1292 2279 immo
1335 2240 1380 2280 et
1422 2238 1605 2289 uinctos,
1652 2239 1863 2294 singulari

61 2302 279 2357 longaque
322 2317 429 2357 opus
471 2305 539 2344 est
570 2301 797 2357 patientia,
843 2303 984 2356 quoad
1027 2317 1176 2345 eorum
1215 2303 1327 2346 oculi
1360 2304 1568 2347 diuinitus
1611 2306 1864 2360 aperiantur

20 2371 23 2375 “
63 2371 108 2411 et
140 2368 313 2410 uincula
345 2368 490 2411 ferrea
523 2368 831 2419 dissoluantur,
868 2369 1009 2422 quoad
1032 2371 1263 2424 praeterea
1297 2384 1351 2412 ex
1385 2374 1589 2426 corrupto
1622 2374 1667 2414 et
1689 2372 1864 2415 horrido

63 2449 170 2489 agro
204 2434 449 2477 euellantur
482 2433 647 2476 zizania
661 2433 689 2485 3,
730 2437 775 2476 et
806 2435 966 2477 bonum
999 2449 1147 2477 semen
1179 2435 1424 2491 inspersum
1457 2437 1626 2479 radices
1660 2441 1778 2493 agat,
1820 2441 1865 2481 et

62 2514 355 2551 succrescens,
398 2502 619 2542 maturum
651 2500 850 2555 proferat
882 2501 1103 2543 fructum9
1144 2501 1189 2544 in
1220 2502 1384 2557 templo
1418 2503 1642 2546 Ecclesiae
1684 2507 1864 2547 sanctae

63 2566 330 2608 offerendum
346 2565 392 2608 ¹⁰.
447 2566 532 2608 Vbi
572 2566 813 2621 patientiae
855 2567 1029 2609 laudem
1069 2567 1285 2622 insignem
1327 2569 1479 2612 retulit
1512 2570 1562 2612 D.
1598 2570 1861 2622 Dominicus,

63 2630 136 2685 qui
178 2646 275 2674 cum
317 2632 431 2687 apud
474 2632 719 2675 haereticos
753 2632 1014 2687 Albigenses
1056 2634 1205 2676 multis
1248 2635 1372 2677 annis
1414 2635 1671 2687 laborasset,
1716 2639 1861 2688 uerbo,

63 2697 395 2740 conuersatione
419 2700 463 2740 et
487 2699 686 2754 exemplo
709 2699 815 2741 nihil
838 2702 985 2741 tamen
1016 2700 1188 2743 efficere
1210 2700 1355 2756 potuit
1372 2702 1416 2753 ¹¹,
1453 2702 1655 2755 quoniam
1687 2703 1865 2758 propria

182 2784 211 2811 al
232 2787 298 2817 SM,-
316 2787 367 2811 sed
389 2788 596 2818 corripendum
617 2795 677 2812 esse
700 2788 834 2813 ridetur:
854 2788 1113 2821 superstruamus,

187 2864 194 2882 ¹
222 2864 312 2898 Rom
342 2866 396 2905 11,
425 2866 481 2900 33.
607 2865 619 2884 ‘³
648 2866 747 2900 Eccli
774 2867 806 2907 3,
835 2867 890 2901 ⁶2⁶2.
1009 2867 1022 2885 ³
1049 2868 1104 2901 Mt
1130 2868 1161 2908 3,
1191 2868 1231 2908 93
1260 2868 1308 2902 Lc
1335 2869 1366 2905 3
1396 2870 1427 2903 Β.
1541 2868 1553 2886 ⁴
1581 2869 1669 2902 Rom
1697 2869 1729 2909 4,
1760 2870 1813 2904 17.

184 2917 197 2936 ⁵
224 2918 313 2952 Rom
339 2919 372 2959 4,
398 2920 456 2969 18.
581 2919 594 2937 ⁰
622 2921 678 2954 Mt
704 2921 735 2959 9,
764 2921 829 2956 38:
858 2921 906 2955 Lc
935 2921 989 2961 10,
1018 2922 1049 2955 2.
1177 2921 1188 2939 ⁷
1216 2922 1275 2956 Iac
1302 2923 1334 2958 5
1364 2923 1394 2956 Τ.

184 2973 197 2988 '⁴
224 2972 276 3007 Cf.
306 2973 362 3007 Mt
390 2974 445 3013 13,
474 2974 625 3008 24—30.
751 2974 765 2992 ⁹
793 2974 846 3009 Cf.
875 2976 930 3009 Mt
958 2976 1012 3015 13,
1041 2976 1179 3015 3—›23;
1208 2976 1267 3009 Mc
1293 2976 1325 3010 4.
1353 2976 1490 3017 3j‘20;
1514 2976 1568 3010 Lc
1595 2977 1627 3016 3,
1655 2977 1783 3011 ael-5.

173 3026 199 3044 ¹⁰
226 3026 279 3061 Cf.
308 3026 364 3060 Ex
390 3027 446 3067 23,
476 3028 540 3068 19;
568 3028 624 3062 34.
653 3028 718 3068 263
746 3027 799 3061 Lv
826 3029 882 3068 33,
912 3028 956 3062 10
984 3029 1048 3070 11;
1076 3029 1125 3063 Dt
1154 3030 1207 3069 18,
1235 3030 1257 3063 3
1284 3030 1305 3063 4
1332 3032 1399 3064 etc.

172 3080 197 3097 ¹¹
226 3080 293 3114 His
320 3080 442 3115 verbis
479 3082 635 3115 fortasse
666 3093 724 3115 res
760 3082 987 3125 aliquantum
1023 3086 1270 3126 exasperatur.
1315 3083 1574 3117 Verumtamen
1611 3087 1764 3122 constat,
1801 3096 1864 3127 per

64 3133 205 3177 aliquot
239 3145 351 3168 annos
389 3138 540 3169 conatus
567 3135 636 3169 viri
663 3136 885 3170 sanctissimi
922 3149 1091 3181 magnam
1118 3137 1177 3170 vel
1205 3137 1314 3171 etiam
1341 3137 1537 3171 maximam
1563 3140 1703 3180 partem
1740 3137 1863 3171 irritos

64 3187 189 3222 fuisse.
243 3188 296 3222 Cf.
331 3189 540 3223 Theodoriczt
565 3191 607 3222 (Ie
633 3191 814 3233 Appoldia
842 3190 882 3225 O.
911 3190 968 3225 Pr.
997 3190 1120 3224 Vitam
1148 3190 1181 3225 S.
1202 3191 1379 3225 Dominici
1408 3204 1436 3225 c.
1462 3192 1494 3225 ⁴2.
1522 3191 1629 3225 1129
1671 3192 1735 3232 3&
1773 3204 1801 3225 c.
1829 3193 1862 3226 3.

64 3252 98 3276 n.
117 3240 270 3283 39e45‚
299 3242 333 3276 in
365 3245 475 3284 „Acta
503 3243 715 3278 Sanctorum
743 3244 921 3289 Augusti*
952 3244 990 3279 T.
1012 3244 1037 3284 l,
1067 3245 1287 3287 Antverpiac
1317 3245 1418 3285 1733,
1447 3245 1646 3279 affluam.

136 3305 449 3339 Braunsberger,
471 3308 584 3333 (fanisii
606 3308 762 3341 Epistulae
784 3311 812 3334 et
835 3310 921 3334 Acta.
956 3309 1033 3334 v111.
1555 3305 1575 3338 9
