2073 3510
14 0 20 278 1
530 201 705 246 Friburgo
735 201 985 235 Helvetiorum
1017 203 1045 235 1.
1067 202 1250 236 Februarii
1285 203 1383 237 1593.
1771 206 1854 246 347

53 325 211 381 gelista
231 324 254 365 ¹.
311 323 432 373 Quod
466 337 571 376 ergo
605 320 777 363 Iudaeis
811 320 852 362 in
887 336 965 363 sua
999 321 1121 364 licuit
1149 325 1399 377 Synagoga,
1435 327 1480 366 et
1513 340 1608 366 cum
1642 325 1769 367 laude
1803 326 1857 366 ab

51 391 136 434 illis
177 390 343 432 factum
387 392 455 431 est
496 388 538 429 in
573 387 772 441 augendo
815 386 1024 429 feriarum
1064 403 1256 438 nunwro,
1302 389 1341 431 id
1377 390 1561 432 vetitum
1605 391 1688 433 erit
1730 392 1856 433 modo

51 457 215 501 scilicet
248 455 519 504 Christianis,
554 454 760 507 nullaque
795 453 1016 495 constabit
1050 454 1266 496 autoritas
1303 456 1536 506 Ecclesiae,
1572 457 1685 499 sicut
1709 457 1856 499 Domi-

12 565 15 579 ,
50 524 191 567 nicum
233 522 367 571 diem,
416 522 477 563 sic
520 520 606 562 alia
649 519 782 562 etiam
825 520 941 561 festa
985 518 1052 574 pie
1095 519 1351 562 instituendi
1398 524 1531 576 atque
1577 523 1856 565 celebrandi?

12 580 14 614 ³
54 587 434 632 Verumenimuero
468 586 503 628 si
534 586 647 641 apud
680 601 759 628 nos
789 584 928 634 hodie,
964 586 1077 627 sicut
1100 586 1311 627 maiorum
1336 590 1496 637 aetate,
1532 589 1856 631 s11al⁴lcel‹1sia‹·

10 682 14 702 1
51 656 156 698 fides
180 658 224 697 et
251 653 468 696 autoritas
501 652 759 695 inconcussa
783 652 975 701 duraret,
1012 654 1130 693 certe
1154 666 1177 693 a
1201 653 1506 706 praesentibus
1530 655 1854 697 001110111101111111

11 718 13 747 ²
50 720 343 770 incommodis,
368 718 623 775 perniciosis
642 718 891 773 opinionum
908 718 1126 767 fiuctibus,
1147 717 1464 772 haeresumque
1482 720 1671 775 scopulis
1689 724 1854 763 certum

11 814 13 835 z
48 787 327 841 naufragium
350 784 655 828 minitantibus
688 784 860 826 facilius
894 783 1212 839 expediremur,
1248 786 1341 825 tum
1364 785 1549 839 profana
1582 788 1626 827 et
1649 786 1854 828 seditiosa

10 874 12 898 ;
50 854 255 899 cessaret,
301 854 378 894 aut
421 854 540 893 certe
582 851 814 905 langueret
856 849 988 892 libido
1031 852 1123 892 tam
1156 850 1294 892 multa
1334 849 1378 891 in
1410 850 1620 904 religione
1653 852 1855 894 nouandi.

9 934 11 992 1
52 919 106 962 ad
138 918 300 970 scissae
334 917 510 973 insuper
543 916 642 959 fidei
675 916 891 959 vnitatem
925 916 1215 971 reparandam
1239 916 1414 971 propior
1444 917 1620 959 adesset
1653 918 1855 961 facultas.

9 1003 11 1046 3
50 987 94 1028 et
127 986 306 1039 optatus
339 984 512 1026 demum
545 982 630 1038 pijs
662 983 834 1025 fructus
868 983 910 1024 in
944 981 1075 1024 statis
1097 981 1309 1024 Diuorum
1333 982 1472 1037 Ferijs
1503 983 1774 1026 celebrandis
1808 999 1857 1025 ar

8 1050 11 1086 1
49 1049 337 1093 reformandis
379 1050 509 1104 longe
552 1048 681 1091 citius
722 1050 1041 1091 maturesceret
1087 1063 1137 1090 ac
1181 1049 1372 1091 floreret.
1438 1050 1553 1092 Nam
1599 1052 1644 1092 et
1686 1050 1857 1092 Christo

8 1116 11 1162 1
50 1115 331 1171 Redemptori
365 1130 468 1158 suus
493 1116 546 1158 ab
575 1115 774 1158 omnibus
806 1115 945 1157 honos
978 1114 1174 1170 inprimis
1207 1115 1457 1166 haberetur,
1492 1119 1542 1158 vt
1575 1115 1611 1158 is
1644 1116 1687 1158 in
1721 1116 1857 1158 omni-

0 1201 9 1216 1
50 1184 129 1225 bus
162 1197 212 1224 ac
244 1196 350 1237 prae
394 1181 592 1224 onmibus
634 1181 802 1223 sincere
845 1181 1063 1223 coleretur
1103 1183 1235 1235 atque
1269 1182 1560 1230 inuocaretur,
1606 1184 1650 1224 et
1684 1181 1857 1224 Sanctis

0 1237 9 1286 1
48 1247 197 1291 itidem
231 1247 379 1290 debita
412 1247 661 1290 reuerentia
694 1248 975 1298 tribueretur,
1021 1246 1176 1301 quibus
1208 1262 1288 1289 nos
1322 1249 1375 1289 ob
1418 1262 1587 1290 summa
1621 1248 1781 1290 Christi
1814 1249 1855 1290 in

6 1337 9 1369 ς
48 1328 122 1357 005
155 1314 315 1356 collata
349 1328 530 1356 munera
557 1328 612 1356 ex
636 1313 780 1356 animo
813 1313 1151 1368 gratularemur,
1187 1328 1370 1368 quorum
1403 1317 1634 1369 praeterea
1668 1314 1857 1357 virtutes

2 1391 8 1407 ¹
48 1383 93 1423 et
125 1380 327 1436 exempla
369 1379 563 1423 studiose
606 1380 817 1422 sectanda
850 1379 974 1422 nobis
1006 1394 1362 1435 proponeremus,
1410 1382 1455 1423 et
1488 1396 1671 1435 quorum
1704 1394 1856 1436 preces

47 1446 152 1489 item
175 1446 345 1489 solicite
369 1460 419 1488 ac
443 1446 593 1489 sedulo
618 1445 980 1500 efflagitaremus.
1017 1446 1104 1488 Fac
1127 1448 1275 1488 autem
1292 1447 1535 1501 permultos
1559 1461 1654 1489 esse
1677 1446 1853 1502 passim,

3 1537 6 1542 Δ
48 1512 161 1555 510111
192 1526 355 1567 negare
382 1527 469 1555 non
490 1527 734 1568 possumus,
770 1511 842 1567 qui
866 1512 1127 1555 Sanctorum
1150 1512 1302 1567 Ferijs,
1338 1512 1468 1555 11111110
1492 1516 1536 1555 01
1560 1512 1856 1555 Sacramentis

49 1578 258 1629 omnibus,
293 1578 483 1634 turpiter
506 1580 768 1621 abutantur:
804 1592 966 1633 ergone
998 1578 1127 1620 laude
1151 1578 1220 1620 vel
1254 1579 1537 1622 excusatione
1571 1579 1726 1634 dignos
1758 1578 1855 1621 illos

48 1644 310 1700 putabimus,
347 1644 419 1699 qui
452 1659 688 1700 prauorum
721 1644 867 1700 potius
901 1659 1031 1699 quam
1054 1643 1223 1699 piorum
1246 1645 1411 1688 habent
1433 1645 1660 1696 rationem,
1697 1644 1855 1699 quique

2 1724 4 1749 τ
48 1725 134 1752 11011
167 1709 259 1752 51110
292 1710 385 1761 Dei,
431 1710 691 1753 Sanctorum
725 1713 769 1753 et
801 1710 1026 1753 Ecclesiae
1066 1709 1234 1761 iniuria,
1278 1710 1322 1753 in
1364 1726 1520 1754 munus
1563 1711 1749 1754 alienum
1789 1710 1854 1752 in-

50 1776 212 1826 uolant,
248 1779 293 1819 et
325 1791 451 1819 sacro
485 1779 748 1832 receptoque
782 1775 917 1819 cultui
951 1792 1077 1819 suum
1103 1776 1293 1832 pretium
1325 1777 1520 1832 improbe
1553 1778 1854 1819 suffurantur?

3 1860 5 1863 ·
48 1842 268 1897 Reijciunt
310 1843 392 1898 ipsi
435 1843 607 1898 quidem
650 1844 770 1898 leges
813 1846 907 1886 tum
946 1843 1283 1886 Ecclesiasticas
1321 1846 1415 1886 tum
1457 1844 1708 1894 Caesareas,
1752 1843 1856 1885 licet

48 1908 162 1951 inter
194 1923 240 1952 se
272 1909 452 1964 pulchre
486 1910 822 1960 consentientes,
867 1924 976 1964 quas
1010 1909 1126 1952 orbis
1159 1909 1432 1952 Christianus
1464 1925 1551 1952 non
1590 1909 1730 1951 solum
1763 1923 1855 1951 am-

0 2019 3 2033 ,
49 1974 203 2030 plexus
219 1978 299 2025 est,
319 1975 395 2018 sed
411 1976 647 2018 multorum
663 1975 796 2018 etiam
809 1990 1021 2018 annorum
1036 1975 1333 2031 perpetuitate
1345 1975 1526 2031 pacifica
1540 1974 1852 2030 comprobauit.

0 2073 4 2081 s
49 2040 141 2091 Qua
173 2041 320 2084 fronte
354 2045 501 2085 autem
542 2041 587 2084 in
626 2041 818 2084 animum
856 2041 1068 2084 inducunt
1100 2041 1194 2092 sibi,
1239 2044 1289 2084 vt
1321 2041 1486 2084 relictis
1518 2040 1855 2096 Magistratibus

48 2106 292 2162 ordinarijs,
337 2122 572 2162 eorumque
614 2108 783 2163 legibus
826 2111 871 2151 et
913 2107 1124 2163 exemplis
1167 2107 1420 2163 repudiatis,
1466 2123 1598 2150 vnum
1631 2109 1856 2150 sectentur

48 2171 380 2216 Constantinum
405 2174 726 2229 Copronymum
749 2174 993 2225 Caesarem,
1030 2189 1113 2228 quo
1146 2173 1253 2216 nihil
1286 2174 1379 2217 fere
1401 2188 1594 2228 vnquam
1626 2173 1856 2216 scelestius

47 2237 91 2280 in
122 2253 301 2281 numero
335 2239 572 2282 Caesarum
603 2239 718 2283 fuit?
771 2240 814 2282 Is
847 2241 977 2283 rebus
1009 2239 1192 2295 magicis
1226 2254 1281 2282 ex
1314 2240 1513 2296 professo
1547 2239 1733 2290 deditus,
1779 2239 1854 2282 ad-

0 2339 2 2355 ,
48 2318 200 2347 uersus
242 2305 496 2360 religionem
539 2308 583 2348 et
625 2307 894 2361 aequitatem
937 2320 1107 2349 omnem
1149 2306 1211 2349 ita
1254 2321 1300 2349 se
1334 2306 1485 2361 gessit,
1531 2308 1578 2348 ut
1609 2308 1853 2348 monstrum

0 2366 1 2405 Ῑ
48 2370 303 2413 Africanum
318 2372 345 2422 2’,
390 2372 585 2427 adeoque
627 2372 771 2415 bellua
813 2372 970 2415 merito
1010 2387 1036 2414 a
1069 2372 1340 2428 sapientibus
1383 2372 1582 2415 omnibus
1621 2371 1851 2414 diceretur.

47 2435 165 2478 Idem
198 2436 415 2492 Deiparae
448 2438 643 2493 Virginis
683 2438 958 2493 omniumque
992 2438 1253 2481 Sanctorum
1285 2437 1600 2488 intercessioni,
1642 2436 1855 2491 Reliquijs

0 2533 1 2544 ,
49 2504 93 2544 01
133 2501 394 2557 imaginibus
436 2504 608 2547 hostem
650 2519 696 2547 se
740 2504 972 2560 capitalem
1015 2519 1066 2547 ac
1108 2504 1321 2547 furiosum
1354 2504 1568 2560 praebuit,
1612 2503 1853 2557 horumque

0 2581 1 2608 3
49 2568 237 2610 omnium
269 2583 395 2611 sacro
429 2570 548 2612 cultu
582 2570 790 2613 subiectis
828 2570 908 2613 sibi
942 2571 1113 2626 populis
1136 2570 1303 2613 nefarie
1327 2569 1578 2613 interdixit:
1614 2568 1852 2624 quinetiam

48 2635 98 2676 vt
118 2634 386 2677 haereticam
409 2639 592 2690 augeret
615 2635 874 2687 barbariem,
909 2637 1147 2679 multorum
1170 2652 1273 2679 vere
1296 2637 1464 2692 piorum
1493 2639 1537 2679 et
1559 2635 1851 2683 innocentum,

51 2698 121 2753 qui
162 2700 302 2742 veteri
343 2716 463 2744 more
505 2717 629 2744 suam
672 2701 715 2744 in
748 2702 884 2745 Diuos
926 2702 1137 2757 pietatem
1181 2705 1328 2745 0550111
1370 2703 1546 2751 testati,
1590 2700 1853 2756 profundere

0 2907 1 2912 1
173 2862 179 2880 ¹
209 2863 245 2896 10
273 2864 304 2903 ’2,
334 2864 398 2903 20;
429 2864 483 2904 10,
512 2864 558 2897 22
585 2864 640 2898 23.
686 2864 819 2898 Locum
848 2864 884 2897 10
912 2865 944 2905 2,
973 2865 1019 2898 20
1044 2877 1140 2899 nunc
1167 2865 1210 2898 de
1238 2865 1372 2908 templo
1399 2864 1466 2898 sub
1486 2863 1628 2897 Herode
1650 2862 1852 2896 instaurato

51 2913 351 2959 interpretantur,
380 2918 485 2952 multi
512 2920 633 2952 autem
661 2920 806 2952 veteres
833 2930 914 2952 eum
943 2918 984 2952 de
1012 2919 1147 2962 templo
1166 2918 1233 2952 sub
1252 2918 1367 2952 Esdra
1386 2920 1558 2951 renovato
1578 2916 1852 2960 explicuerunt:

0 2965 1 2970 ¹
51 2967 101 3002 ita
127 2981 155 3004 e.
176 2982 209 3014 g.
229 2969 263 3004 S.
284 2972 437 3005 Ioannes
466 2972 749 3015 Clu-ysostomus,
777 2971 817 3005 In
846 2972 1015 3006 Ioannem
1042 2972 1192 3006 homilia
1219 2972 1264 3006 23
1290 2971 1396 3013 (alias
1423 2972 1500 3012 *22st
1528 2971 1705 3004 Eusebius
1726 2971 1853 3003 Caesa-

51 3026 192 3066 reensis,
232 3024 501 3060 Demonstrat-io
538 3025 761 3070 Evangelica
798 3026 819 3060 1.
852 3026 892 3066 8;
934 3025 967 3060 S.
1001 3026 1098 3059 Beria
1143 3026 1373 3068 Venerabilis,
1411 3025 1599 3069 Expositio
1636 3024 1669 3058 in
1708 3023 1852 3058 Ioannis

52 3075 291 3121 Evangelium
319 3090 347 3113 c.
367 3079 399 3120 2,
428 3091 462 3113 v.
483 3079 528 3113 20
554 3079 699 3122 [Missua
737 3079 775 3114 P.
796 3091 848 3123 gr.
868 3079 949 3112 LIX
980 3079 1067 3120 141;
1096 3079 1202 3113 XXII
1230 3080 1319 3120 613;
1349 3079 1386 3114 P.
1408 3079 1469 3113 lat.
1490 3078 1589 3112 XCII
1617 3077 1708 3119 6643).
1762 3077 1851 3112 Cum

50 3128 107 3163 his
134 3130 268 3165 Canisii
305 3134 425 3166 aetate
461 3133 587 3172 sensit,
624 3135 769 3176 praeter
804 3133 905 3172 alios,
945 3134 1097 3166 loannes
1124 3134 1357 3166 Maldonatns
1385 3132 1418 3167 S.
1448 3132 1491 3172 J.y
1530 3131 1788 3166 Commentarii
1816 3132 1850 3165 111

52 3187 205 3226 quatuor
231 3185 499 3230 Evangelistas,
528 3186 564 3220 in
592 3186 628 3220 Io
655 3187 687 3227 2,
715 3188 771 3221 20.

170 3244 183 3262 ‘²
210 3245 262 3279 De
289 3245 356 3280 hac
384 3246 553 3290 loquendi
580 3247 719 3281 ratione
747 3248 792 3282 cf.
815 3248 904 3282 (few.
925 3247 956 3281 V
986 3245 1055 3281 19⁵.
