<?xml version="1.0" encoding="UTF-8"?>
<!DOCTYPE html PUBLIC "-//W3C//DTD XHTML 1.0 Transitional//EN"
    "http://www.w3.org/TR/xhtml1/DTD/xhtml1-transitional.dtd">
<html xmlns="http://www.w3.org/1999/xhtml" xml:lang="en" lang="en">
 <head>
  <title>
</title>
<meta http-equiv="Content-Type" content="text/html;charset=utf-8" />
  <meta name='ocr-system' content='tesseract 3.04.00' />
  <meta name='ocr-capabilities' content='ocr_page ocr_carea ocr_par ocr_line ocrx_word'/>
</head>
<body>
  <div class='ocr_page' id='page_1' title='image "beatipetricanisi08cani_0489.png"; bbox 0 0 2073 3510; ppageno 0'>
   <div class='ocr_carea' id='block_1_1' title="bbox 730 179 1842 230">
    <p class='ocr_par' dir='ltr' id='par_1_1' title="bbox 730 179 1842 230">
     <span class='ocr_line' id='line_1_1' title="bbox 730 179 1842 230; baseline 0.013 -17"><span class='ocrx_word' id='word_1_1' title='bbox 730 179 841 214; x_wconf 83' lang='lat' dir='ltr'>Roma</span> <span class='ocrx_word' id='word_1_2' title='bbox 869 180 924 214; x_wconf 80' lang='lat'>21.</span> <span class='ocrx_word' id='word_1_3' title='bbox 946 180 1030 214; x_wconf 79' lang='lat' dir='ltr'>Maii</span> <span class='ocrx_word' id='word_1_4' title='bbox 1064 181 1163 215; x_wconf 68' lang='lat'>1594.</span> <span class='ocrx_word' id='word_1_5' title='bbox 1758 189 1842 230; x_wconf 65' lang='lat'>3457</span> 
     </span>
    </p>
   </div>
   <div class='ocr_carea' id='block_1_2' title="bbox 0 300 1846 2007">
    <p class='ocr_par' dir='ltr' id='par_1_2' title="bbox 0 300 1846 1476">
     <span class='ocr_line' id='line_1_2' title="bbox 46 300 1845 359; baseline 0.002 -12"><span class='ocrx_word' id='word_1_6' title='bbox 46 303 355 359; x_wconf 85' lang='lat' dir='ltr'>implorandae.</span> <span class='ocrx_word' id='word_1_7' title='bbox 390 302 578 356; x_wconf 89' lang='lat' dir='ltr'>iustique</span> <span class='ocrx_word' id='word_1_8' title='bbox 602 301 693 343; x_wconf 85' lang='lat' dir='ltr'>eius</span> <span class='ocrx_word' id='word_1_9' title='bbox 726 300 886 343; x_wconf 82' lang='lat' dir='ltr'>furoris</span> <span class='ocrx_word' id='word_1_10' title='bbox 918 301 1132 356; x_wconf 75' lang='lat' dir='ltr'>placandi,</span> <span class='ocrx_word' id='word_1_11' title='bbox 1170 304 1236 356; x_wconf 75' lang='lat' dir='ltr'>pio</span> <span class='ocrx_word' id='word_1_12' title='bbox 1265 304 1428 358; x_wconf 72' lang='lat' dir='ltr'>pariter</span> <span class='ocrx_word' id='word_1_13' title='bbox 1452 309 1583 359; x_wconf 73' lang='lat' dir='ltr'>atquc</span> <span class='ocrx_word' id='word_1_14' title='bbox 1607 309 1845 351; x_wconf 68' lang='lat' dir='ltr'>efficaciter</span> 
     </span>
     <span class='ocr_line' id='line_1_3' title="bbox 47 367 1846 425; baseline 0.002 -13"><span class='ocrx_word' id='word_1_15' title='bbox 47 370 340 425; x_wconf 88' lang='lat' dir='ltr'>disputantem</span> <span class='ocrx_word' id='word_1_16' title='bbox 375 368 621 410; x_wconf 79' lang='lat' dir='ltr'>audiebant.</span> <span class='ocrx_word' id='word_1_17' title='bbox 673 368 769 421; x_wconf 81' lang='lat' dir='ltr'>Ipse</span> <span class='ocrx_word' id='word_1_18' title='bbox 803 367 974 420; x_wconf 82' lang='lat' dir='ltr'>quidem</span> <span class='ocrx_word' id='word_1_19' title='bbox 1009 370 1126 409; x_wconf 83' lang='lat' dir='ltr'>certe</span> <span class='ocrx_word' id='word_1_20' title='bbox 1152 371 1199 410; x_wconf 88' lang='lat' dir='ltr'>ut</span> <span class='ocrx_word' id='word_1_21' title='bbox 1223 384 1370 410; x_wconf 75' lang='lat' dir='ltr'>uerum</span> <span class='ocrx_word' id='word_1_22' title='bbox 1406 372 1549 413; x_wconf 76' lang='lat' dir='ltr'>fatear</span> <span class='ocrx_word' id='word_1_23' title='bbox 1577 372 1677 413; x_wconf 87' lang='lat' dir='ltr'>nihil</span> <span class='ocrx_word' id='word_1_24' title='bbox 1705 375 1846 425; x_wconf 66' lang='lat' dir='ltr'>magis</span> 
     </span>
     <span class='ocr_line' id='line_1_4' title="bbox 46 433 1844 491; baseline 0.002 -13"><span class='ocrx_word' id='word_1_25' title='bbox 46 439 242 491; x_wconf 82' lang='lat' dir='ltr'>optarem</span> <span class='ocrx_word' id='word_1_26' title='bbox 285 449 414 488; x_wconf 80' lang='lat' dir='ltr'>quam</span> <span class='ocrx_word' id='word_1_27' title='bbox 458 436 505 476; x_wconf 91' lang='lat' dir='ltr'>ut</span> <span class='ocrx_word' id='word_1_28' title='bbox 547 433 789 475; x_wconf 82' lang='lat' dir='ltr'>huiusmodi</span> <span class='ocrx_word' id='word_1_29' title='bbox 832 448 936 474; x_wconf 76' lang='lat' dir='ltr'>suae</span> <span class='ocrx_word' id='word_1_30' title='bbox 970 433 1199 475; x_wconf 77' lang='lat' dir='ltr'>charitatis</span> <span class='ocrx_word' id='word_1_31' title='bbox 1237 436 1451 477; x_wconf 74' lang='lat' dir='ltr'>fructibus</span> <span class='ocrx_word' id='word_1_32' title='bbox 1484 437 1657 491; x_wconf 77' lang='lat' dir='ltr'>saepius</span> <span class='ocrx_word' id='word_1_33' title='bbox 1690 439 1844 491; x_wconf 66' lang='lat' dir='ltr'>(ligna-</span> 
     </span>
     <span class='ocr_line' id='line_1_5' title="bbox 0 499 1840 558; baseline 0.001 -13"><span class='ocrx_word' id='word_1_34' title='bbox 0 540 1 545; x_wconf 73' lang='grc'><strong>,</strong></span> <span class='ocrx_word' id='word_1_35' title='bbox 46 516 200 544; x_wconf 80' lang='lat' dir='ltr'><strong>remur.</strong></span> <span class='ocrx_word' id='word_1_36' title='bbox 267 500 504 553; x_wconf 60' lang='lat' dir='ltr'>Collegium</span> <span class='ocrx_word' id='word_1_37' title='bbox 548 499 658 541; x_wconf 88' lang='lat' dir='ltr'>enim</span> <span class='ocrx_word' id='word_1_38' title='bbox 703 499 783 540; x_wconf 92' lang='lat' dir='ltr'>hoc</span> <span class='ocrx_word' id='word_1_39' title='bbox 825 502 1021 540; x_wconf 84' lang='lat' dir='ltr'>nostrum</span> <span class='ocrx_word' id='word_1_40' title='bbox 1066 500 1177 552; x_wconf 85' lang='lat' dir='ltr'>quod</span> <span class='ocrx_word' id='word_1_41' title='bbox 1216 501 1416 542; x_wconf 79' lang='lat' dir='ltr'>Vestram</span> <span class='ocrx_word' id='word_1_42' title='bbox 1454 502 1500 544; x_wconf 61' lang='lat' dir='ltr'>lt.</span> <span class='ocrx_word' id='word_1_43' title='bbox 1538 504 1628 544; x_wconf 74' lang='lat' dir='ltr'>iuro</span> <span class='ocrx_word' id='word_1_44' title='bbox 1671 505 1840 558; x_wconf 84' lang='lat' dir='ltr'>quidem</span> 
     </span>
     <span class='ocr_line' id='line_1_6' title="bbox 45 565 1840 626; baseline 0.002 -16"><span class='ocrx_word' id='word_1_45' title='bbox 45 567 208 623; x_wconf 84' lang='lat' dir='ltr'>optimo</span> <span class='ocrx_word' id='word_1_46' title='bbox 242 570 290 609; x_wconf 88' lang='lat' dir='ltr'>ut</span> <span class='ocrx_word' id='word_1_47' title='bbox 322 568 548 621; x_wconf 81' lang='lat' dir='ltr'>parentem</span> <span class='ocrx_word' id='word_1_48' title='bbox 582 566 767 607; x_wconf 83' lang='lat' dir='ltr'>alterum</span> <span class='ocrx_word' id='word_1_49' title='bbox 803 565 917 609; x_wconf 81' lang='lat' dir='ltr'>colit,</span> <span class='ocrx_word' id='word_1_50' title='bbox 954 566 1067 607; x_wconf 88' lang='lat' dir='ltr'>tanti</span> <span class='ocrx_word' id='word_1_51' title='bbox 1101 566 1208 607; x_wconf 80' lang='lat' dir='ltr'>facit</span> <span class='ocrx_word' id='word_1_52' title='bbox 1241 582 1320 608; x_wconf 85' lang='lat' dir='ltr'>sua</span> <span class='ocrx_word' id='word_1_53' title='bbox 1344 567 1507 609; x_wconf 84' lang='lat' dir='ltr'>monita</span> <span class='ocrx_word' id='word_1_54' title='bbox 1531 572 1575 610; x_wconf 81' lang='lat' dir='ltr'>et</span> <span class='ocrx_word' id='word_1_55' title='bbox 1610 575 1840 626; x_wconf 72' lang='lat' dir='ltr'>praecepta</span> 
     </span>
     <span class='ocr_line' id='line_1_7' title="bbox 44 630 1842 689; baseline 0.002 -14"><span class='ocrx_word' id='word_1_56' title='bbox 44 632 268 682; x_wconf 83' lang='lat' dir='ltr'>salutaria,</span> <span class='ocrx_word' id='word_1_57' title='bbox 304 632 454 686; x_wconf 87' lang='lat' dir='ltr'>quanti</span> <span class='ocrx_word' id='word_1_58' title='bbox 488 645 667 686; x_wconf 81' lang='lat' dir='ltr'>prorsus</span> <span class='ocrx_word' id='word_1_59' title='bbox 700 631 895 685; x_wconf 77' lang='lat' dir='ltr'>parentis</span> <span class='ocrx_word' id='word_1_60' title='bbox 929 630 1078 685; x_wconf 87' lang='lat' dir='ltr'>optimi</span> <span class='ocrx_word' id='word_1_61' title='bbox 1114 635 1158 673; x_wconf 87' lang='lat' dir='ltr'>et</span> <span class='ocrx_word' id='word_1_62' title='bbox 1192 633 1441 674; x_wconf 74' lang='lat' dir='ltr'>ueneramla</span> <span class='ocrx_word' id='word_1_63' title='bbox 1475 635 1842 689; x_wconf 55' lang='grc' dir='ltr'>01111113161110111111(Δ</span> 
     </span>
     <span class='ocr_line' id='line_1_8' title="bbox 43 696 1845 753; baseline 0.002 -12"><span class='ocrx_word' id='word_1_64' title='bbox 43 699 157 741; x_wconf 84' lang='lat' dir='ltr'>inter</span> <span class='ocrx_word' id='word_1_65' title='bbox 199 712 348 741; x_wconf 88' lang='lat' dir='ltr'>omnes</span> <span class='ocrx_word' id='word_1_66' title='bbox 390 697 668 739; x_wconf 74' lang='lat' dir='ltr'>auctoritatis</span> <span class='ocrx_word' id='word_1_67' title='bbox 709 696 800 738; x_wconf 80' lang='lat' dir='ltr'>fieri</span> <span class='ocrx_word' id='word_1_68' title='bbox 844 697 1043 738; x_wconf 75' lang='lat' dir='ltr'>debeant.</span> <span class='ocrx_word' id='word_1_69' title='bbox 1110 697 1174 739; x_wconf 82' lang='lat' dir='ltr'>Ac</span> <span class='ocrx_word' id='word_1_70' title='bbox 1206 698 1360 739; x_wconf 74' lang='lat' dir='ltr'>melius</span> <span class='ocrx_word' id='word_1_71' title='bbox 1403 701 1599 753; x_wconf 69' lang='grc'><strong>1111116010</strong></span> <span class='ocrx_word' id='word_1_72' title='bbox 1638 706 1845 752; x_wconf 60' lang='lat' dir='ltr'>agi-retur</span> 
     </span>
     <span class='ocr_line' id='line_1_9' title="bbox 43 762 1841 817; baseline 0.002 -10"><span class='ocrx_word' id='word_1_73' title='bbox 43 780 138 807; x_wconf 89' lang='lat' dir='ltr'>cum</span> <span class='ocrx_word' id='word_1_74' title='bbox 183 765 265 806; x_wconf 82' lang='lat' dir='ltr'>hac</span> <span class='ocrx_word' id='word_1_75' title='bbox 300 764 514 805; x_wconf 80' lang='lat' dir='ltr'>Germana</span> <span class='ocrx_word' id='word_1_76' title='bbox 558 762 785 805; x_wconf 74' lang='lat' dir='ltr'>iuuentute</span> <span class='ocrx_word' id='word_1_77' title='bbox 830 762 865 804; x_wconf 84' lang='lat' dir='ltr'>si</span> <span class='ocrx_word' id='word_1_78' title='bbox 904 763 950 804; x_wconf 83' lang='lat' dir='ltr'>V.</span> <span class='ocrx_word' id='word_1_79' title='bbox 986 763 1036 805; x_wconf 72' lang='lat' dir='ltr'>R.</span> <span class='ocrx_word' id='word_1_80' title='bbox 1071 766 1344 817; x_wconf 82' lang='lat' dir='ltr'>praesentem</span> <span class='ocrx_word' id='word_1_81' title='bbox 1390 764 1561 815; x_wconf 64' lang='lat' dir='ltr'>intueri.</span> <span class='ocrx_word' id='word_1_82' title='bbox 1607 770 1651 808; x_wconf 75' lang='lat' dir='ltr'>ct</span> <span class='ocrx_word' id='word_1_83' title='bbox 1694 782 1841 810; x_wconf 72' lang='lat' dir='ltr'>uocem</span> 
     </span>
     <span class='ocr_line' id='line_1_10' title="bbox 43 828 1841 886; baseline 0.001 -14"><span class='ocrx_word' id='word_1_84' title='bbox 43 830 180 885; x_wconf 82' lang='lat' dir='ltr'>ipsam</span> <span class='ocrx_word' id='word_1_85' title='bbox 214 830 363 871; x_wconf 82' lang='lat' dir='ltr'>audire</span> <span class='ocrx_word' id='word_1_86' title='bbox 396 832 557 884; x_wconf 74' lang='lat' dir='ltr'>posset,</span> <span class='ocrx_word' id='word_1_87' title='bbox 592 844 677 871; x_wconf 90' lang='lat' dir='ltr'>non</span> <span class='ocrx_word' id='word_1_88' title='bbox 712 829 823 870; x_wconf 87' lang='lat' dir='ltr'>enim</span> <span class='ocrx_word' id='word_1_89' title='bbox 852 828 1001 871; x_wconf 86' lang='lat' dir='ltr'>dubito</span> <span class='ocrx_word' id='word_1_90' title='bbox 1026 828 1127 882; x_wconf 89' lang='lat' dir='ltr'>quin</span> <span class='ocrx_word' id='word_1_91' title='bbox 1152 829 1359 871; x_wconf 84' lang='lat' dir='ltr'>eiusmodi</span> <span class='ocrx_word' id='word_1_92' title='bbox 1394 834 1630 886; x_wconf 75' lang='lat' dir='ltr'>praecepta</span> <span class='ocrx_word' id='word_1_93' title='bbox 1654 834 1841 875; x_wconf 91' lang='lat' dir='ltr'>omnium</span> 
     </span>
     <span class='ocr_line' id='line_1_11' title="bbox 43 893 1846 950; baseline 0.002 -13"><span class='ocrx_word' id='word_1_94' title='bbox 43 895 198 938; x_wconf 89' lang='lat' dir='ltr'>animis</span> <span class='ocrx_word' id='word_1_95' title='bbox 233 895 404 937; x_wconf 83' lang='lat' dir='ltr'>facilius</span> <span class='ocrx_word' id='word_1_96' title='bbox 437 894 756 936; x_wconf 84' lang='lat' dir='ltr'>instillarentur</span> <span class='ocrx_word' id='word_1_97' title='bbox 790 897 835 936; x_wconf 88' lang='lat' dir='ltr'>et</span> <span class='ocrx_word' id='word_1_98' title='bbox 866 893 1064 936; x_wconf 72' lang='lat' dir='ltr'>tenacius</span> <span class='ocrx_word' id='word_1_99' title='bbox 1098 895 1228 936; x_wconf 81' lang='lat' dir='ltr'>etiam</span> <span class='ocrx_word' id='word_1_100' title='bbox 1264 895 1554 946; x_wconf 67' lang='lat' dir='ltr'>inhaererent,</span> <span class='ocrx_word' id='word_1_101' title='bbox 1599 912 1682 950; x_wconf 85' lang='lat' dir='ltr'>quo</span> <span class='ocrx_word' id='word_1_102' title='bbox 1720 900 1846 940; x_wconf 78' lang='lat' dir='ltr'>lieret</span> 
     </span>
     <span class='ocr_line' id='line_1_12' title="bbox 43 959 1841 1015; baseline 0.001 -12"><span class='ocrx_word' id='word_1_103' title='bbox 43 963 89 1003; x_wconf 91' lang='lat' dir='ltr'>ut</span> <span class='ocrx_word' id='word_1_104' title='bbox 123 959 274 1002; x_wconf 86' lang='lat' dir='ltr'>maiori</span> <span class='ocrx_word' id='word_1_105' title='bbox 317 963 471 1015; x_wconf 84' lang='lat' dir='ltr'>postea</span> <span class='ocrx_word' id='word_1_106' title='bbox 504 959 647 1002; x_wconf 86' lang='lat' dir='ltr'>studio</span> <span class='ocrx_word' id='word_1_107' title='bbox 681 975 805 1001; x_wconf 89' lang='lat' dir='ltr'>suum</span> <span class='ocrx_word' id='word_1_108' title='bbox 840 959 1020 1013; x_wconf 85' lang='lat' dir='ltr'>quisque.</span> <span class='ocrx_word' id='word_1_109' title='bbox 1054 974 1209 1001; x_wconf 88' lang='lat' dir='ltr'>munus</span> <span class='ocrx_word' id='word_1_110' title='bbox 1243 959 1361 1002; x_wconf 77' lang='lat' dir='ltr'>obire</span> <span class='ocrx_word' id='word_1_111' title='bbox 1395 964 1439 1003; x_wconf 85' lang='lat' dir='ltr'>et</span> <span class='ocrx_word' id='word_1_112' title='bbox 1472 962 1525 1003; x_wconf 87' lang='lat' dir='ltr'>ad</span> <span class='ocrx_word' id='word_1_113' title='bbox 1560 962 1841 1005; x_wconf 82' lang='lat' dir='ltr'>christianam</span> 
     </span>
     <span class='ocr_line' id='line_1_13' title="bbox 42 1025 1842 1081; baseline 0.002 -13"><span class='ocrx_word' id='word_1_114' title='bbox 42 1027 250 1069; x_wconf 83' lang='lat' dir='ltr'>uirtutem</span> <span class='ocrx_word' id='word_1_115' title='bbox 287 1026 510 1068; x_wconf 84' lang='lat' dir='ltr'>ardentius</span> <span class='ocrx_word' id='word_1_116' title='bbox 544 1026 739 1081; x_wconf 84' lang='lat' dir='ltr'>aspirare</span> <span class='ocrx_word' id='word_1_117' title='bbox 773 1025 1068 1067; x_wconf 81' lang='lat' dir='ltr'>contemleret.</span> <span class='ocrx_word' id='word_1_118' title='bbox 1120 1025 1248 1067; x_wconf 66' lang='lat' dir='ltr'>(Juius</span> <span class='ocrx_word' id='word_1_119' title='bbox 1283 1027 1452 1080; x_wconf 87' lang='lat' dir='ltr'>quidem</span> <span class='ocrx_word' id='word_1_120' title='bbox 1488 1027 1547 1069; x_wconf 89' lang='lat' dir='ltr'>rei</span> <span class='ocrx_word' id='word_1_121' title='bbox 1583 1028 1842 1071; x_wconf 80' lang='lat' dir='ltr'>desiderium</span> 
     </span>
     <span class='ocr_line' id='line_1_14' title="bbox 40 1091 1844 1149; baseline 0 -14"><span class='ocrx_word' id='word_1_122' title='bbox 40 1092 278 1143; x_wconf 85' lang='lat' dir='ltr'>cuiusmodi</span> <span class='ocrx_word' id='word_1_123' title='bbox 321 1092 379 1134; x_wconf 91' lang='lat' dir='ltr'>sit</span> <span class='ocrx_word' id='word_1_124' title='bbox 421 1092 489 1134; x_wconf 87' lang='lat' dir='ltr'>uel</span> <span class='ocrx_word' id='word_1_125' title='bbox 524 1106 579 1134; x_wconf 80' lang='lat' dir='ltr'>ex</span> <span class='ocrx_word' id='word_1_126' title='bbox 612 1107 662 1133; x_wconf 92' lang='lat' dir='ltr'>eo</span> <span class='ocrx_word' id='word_1_127' title='bbox 704 1091 833 1134; x_wconf 83' lang='lat' dir='ltr'>facile</span> <span class='ocrx_word' id='word_1_128' title='bbox 866 1092 917 1133; x_wconf 86' lang='lat' dir='ltr'>V.</span> <span class='ocrx_word' id='word_1_129' title='bbox 944 1091 994 1133; x_wconf 83' lang='lat' dir='ltr'>R.</span> <span class='ocrx_word' id='word_1_130' title='bbox 1020 1094 1168 1146; x_wconf 85' lang='lat' dir='ltr'>potest</span> <span class='ocrx_word' id='word_1_131' title='bbox 1200 1091 1459 1146; x_wconf 72' lang='lat' dir='ltr'>intelligere,</span> <span class='ocrx_word' id='word_1_132' title='bbox 1505 1095 1617 1148; x_wconf 85' lang='lat' dir='ltr'>quod</span> <span class='ocrx_word' id='word_1_133' title='bbox 1652 1095 1688 1136; x_wconf 83' lang='lat' dir='ltr'>‹·i</span> <span class='ocrx_word' id='word_1_134' title='bbox 1725 1095 1844 1149; x_wconf 77' lang='lat' dir='ltr'>prius</span> 
     </span>
     <span class='ocr_line' id='line_1_15' title="bbox 39 1157 1840 1214; baseline 0.001 -14"><span class='ocrx_word' id='word_1_135' title='bbox 39 1159 143 1201; x_wconf 91' lang='lat' dir='ltr'>illud</span> <span class='ocrx_word' id='word_1_136' title='bbox 177 1158 512 1213; x_wconf 74' lang='lat' dir='ltr'>significauerim</span> <span class='ocrx_word' id='word_1_137' title='bbox 547 1173 675 1212; x_wconf 81' lang='lat' dir='ltr'>quam</span> <span class='ocrx_word' id='word_1_138' title='bbox 710 1158 761 1200; x_wconf 87' lang='lat' dir='ltr'>de</span> <span class='ocrx_word' id='word_1_139' title='bbox 793 1157 934 1201; x_wconf 79' lang='lat' dir='ltr'>officio</span> <span class='ocrx_word' id='word_1_140' title='bbox 958 1158 1071 1212; x_wconf 88' lang='lat' dir='ltr'>quod</span> <span class='ocrx_word' id='word_1_141' title='bbox 1095 1158 1179 1200; x_wconf 84' lang='lat' dir='ltr'>iam</span> <span class='ocrx_word' id='word_1_142' title='bbox 1214 1158 1438 1213; x_wconf 87' lang='lat' dir='ltr'>praestitit</span> <span class='ocrx_word' id='word_1_143' title='bbox 1471 1159 1640 1213; x_wconf 77' lang='lat' dir='ltr'>gratias</span> <span class='ocrx_word' id='word_1_144' title='bbox 1663 1160 1840 1214; x_wconf 75' lang='lat' dir='ltr'>egerim.</span> 
     </span>
     <span class='ocr_line' id='line_1_16' title="bbox 39 1224 1839 1280; baseline 0.001 -13"><span class='ocrx_word' id='word_1_145' title='bbox 39 1239 301 1279; x_wconf 83' lang='lat' dir='ltr'>quamquam</span> <span class='ocrx_word' id='word_1_146' title='bbox 334 1239 419 1265; x_wconf 88' lang='lat' dir='ltr'>non</span> <span class='ocrx_word' id='word_1_147' title='bbox 452 1238 520 1266; x_wconf 89' lang='lat' dir='ltr'>me</span> <span class='ocrx_word' id='word_1_148' title='bbox 553 1224 669 1278; x_wconf 77' lang='lat' dir='ltr'>fugit</span> <span class='ocrx_word' id='word_1_149' title='bbox 702 1239 728 1266; x_wconf 87' lang='lat' dir='ltr'>a</span> <span class='ocrx_word' id='word_1_150' title='bbox 754 1225 805 1266; x_wconf 90' lang='lat' dir='ltr'>V.</span> <span class='ocrx_word' id='word_1_151' title='bbox 832 1224 881 1266; x_wconf 81' lang='lat' dir='ltr'>R.</span> <span class='ocrx_word' id='word_1_152' title='bbox 907 1240 992 1267; x_wconf 88' lang='lat' dir='ltr'>non</span> <span class='ocrx_word' id='word_1_153' title='bbox 1026 1225 1268 1279; x_wconf 75' lang='lat' dir='ltr'>gratiarum</span> <span class='ocrx_word' id='word_1_154' title='bbox 1304 1225 1499 1267; x_wconf 84' lang='lat' dir='ltr'>actiones</span> <span class='ocrx_word' id='word_1_155' title='bbox 1532 1227 1677 1280; x_wconf 85' lang='lat' dir='ltr'>potius</span> <span class='ocrx_word' id='word_1_156' title='bbox 1712 1242 1839 1280; x_wconf 82' lang='lat' dir='ltr'>quam</span> 
     </span>
     <span class='ocr_line' id='line_1_17' title="bbox 38 1289 1839 1346; baseline 0.002 -15"><span class='ocrx_word' id='word_1_157' title='bbox 38 1290 155 1345; x_wconf 91' lang='lat' dir='ltr'>ipsos</span> <span class='ocrx_word' id='word_1_158' title='bbox 187 1290 449 1332; x_wconf 78' lang='lat' dir='ltr'>monitorum</span> <span class='ocrx_word' id='word_1_159' title='bbox 484 1290 665 1331; x_wconf 82' lang='lat' dir='ltr'>effectus</span> <span class='ocrx_word' id='word_1_160' title='bbox 699 1289 825 1332; x_wconf 84' lang='lat' dir='ltr'>auide</span> <span class='ocrx_word' id='word_1_161' title='bbox 853 1290 1077 1344; x_wconf 82' lang='lat' dir='ltr'>expectari</span> <span class='ocrx_word' id='word_1_162' title='bbox 1104 1311 1111 1319; x_wconf 88' lang='lat'><strong>·</strong></span> <span class='ocrx_word' id='word_1_163' title='bbox 1138 1290 1208 1344; x_wconf 87' lang='lat' dir='ltr'>qui</span> <span class='ocrx_word' id='word_1_164' title='bbox 1233 1290 1267 1332; x_wconf 90' lang='lat' dir='ltr'>si</span> <span class='ocrx_word' id='word_1_165' title='bbox 1293 1291 1464 1345; x_wconf 88' lang='lat' dir='ltr'>quando</span> <span class='ocrx_word' id='word_1_166' title='bbox 1489 1293 1705 1334; x_wconf 80' lang='lat' dir='ltr'>extabunt</span> <span class='ocrx_word' id='word_1_167' title='bbox 1729 1293 1839 1346; x_wconf 82' lang='lat' dir='ltr'>quod</span> 
     </span>
     <span class='ocr_line' id='line_1_18' title="bbox 37 1356 1843 1411; baseline 0.001 -13"><span class='ocrx_word' id='word_1_168' title='bbox 37 1356 130 1398; x_wconf 85' lang='lat' dir='ltr'>fore</span> <span class='ocrx_word' id='word_1_169' title='bbox 173 1356 352 1405; x_wconf 84' lang='lat' dir='ltr'>confido,</span> <span class='ocrx_word' id='word_1_170' title='bbox 397 1356 537 1397; x_wconf 86' lang='lat' dir='ltr'>instar</span> <span class='ocrx_word' id='word_1_171' title='bbox 580 1358 707 1398; x_wconf 86' lang='lat' dir='ltr'>erunt</span> <span class='ocrx_word' id='word_1_172' title='bbox 749 1356 992 1410; x_wconf 80' lang='lat' dir='ltr'>gratiarum</span> <span class='ocrx_word' id='word_1_173' title='bbox 1027 1357 1229 1406; x_wconf 81' lang='grc'><strong>011111111111,</strong></span> <span class='ocrx_word' id='word_1_174' title='bbox 1275 1371 1383 1410; x_wconf 77' lang='lat' dir='ltr'>quas</span> <span class='ocrx_word' id='word_1_175' title='bbox 1418 1356 1566 1411; x_wconf 82' lang='lat' dir='ltr'>utique</span> <span class='ocrx_word' id='word_1_176' title='bbox 1600 1362 1843 1411; x_wconf 76' lang='lat' dir='ltr'>agere.aut</span> 
     </span>
     <span class='ocr_line' id='line_1_19' title="bbox 37 1421 458 1476; baseline 0 -13"><span class='ocrx_word' id='word_1_177' title='bbox 37 1421 197 1463; x_wconf 84' lang='lat' dir='ltr'>habere</span> <span class='ocrx_word' id='word_1_178' title='bbox 230 1421 458 1476; x_wconf 86' lang='lat' dir='ltr'>possimus.</span> 
     </span>
    </p>

    <p class='ocr_par' dir='ltr' id='par_1_3' title="bbox 36 1487 1842 2007">
     <span class='ocr_line' id='line_1_20' title="bbox 157 1487 1841 1544; baseline 0.002 -16"><span class='ocrx_word' id='word_1_179' title='bbox 157 1487 270 1541; x_wconf 86' lang='lat' dir='ltr'>quod</span> <span class='ocrx_word' id='word_1_180' title='bbox 305 1488 476 1541; x_wconf 89' lang='lat' dir='ltr'>quidem</span> <span class='ocrx_word' id='word_1_181' title='bbox 512 1490 559 1529; x_wconf 92' lang='lat' dir='ltr'>ut</span> <span class='ocrx_word' id='word_1_182' title='bbox 593 1502 618 1529; x_wconf 84' lang='lat' dir='ltr'>a</span> <span class='ocrx_word' id='word_1_183' title='bbox 650 1487 773 1529; x_wconf 88' lang='lat' dir='ltr'>nobis</span> <span class='ocrx_word' id='word_1_184' title='bbox 806 1491 1057 1542; x_wconf 70' lang='lat' dir='ltr'>praestetur</span> <span class='ocrx_word' id='word_1_185' title='bbox 1090 1503 1212 1530; x_wconf 84' lang='lat' dir='ltr'>meae</span> <span class='ocrx_word' id='word_1_186' title='bbox 1246 1489 1330 1530; x_wconf 90' lang='lat' dir='ltr'>erit</span> <span class='ocrx_word' id='word_1_187' title='bbox 1353 1504 1483 1531; x_wconf 83' lang='lat' dir='ltr'>curae</span> <span class='ocrx_word' id='word_1_188' title='bbox 1516 1489 1758 1544; x_wconf 86' lang='lat' dir='ltr'>prouidere.</span> <span class='ocrx_word' id='word_1_189' title='bbox 1795 1494 1841 1532; x_wconf 91' lang='lat' dir='ltr'>et</span> 
     </span>
     <span class='ocr_line' id='line_1_21' title="bbox 36 1553 1839 1609; baseline 0.001 -14"><span class='ocrx_word' id='word_1_190' title='bbox 36 1553 195 1596; x_wconf 84' lang='lat' dir='ltr'>faciam</span> <span class='ocrx_word' id='word_1_191' title='bbox 237 1556 356 1595; x_wconf 85' lang='lat' dir='ltr'>certe</span> <span class='ocrx_word' id='word_1_192' title='bbox 397 1553 589 1595; x_wconf 78' lang='lat' dir='ltr'>maxima</span> <span class='ocrx_word' id='word_1_193' title='bbox 632 1568 741 1602; x_wconf 73' lang='lat' dir='ltr'>mea,</span> <span class='ocrx_word' id='word_1_194' title='bbox 786 1557 830 1595; x_wconf 86' lang='lat' dir='ltr'>et</span> <span class='ocrx_word' id='word_1_195' title='bbox 873 1557 922 1596; x_wconf 90' lang='lat' dir='ltr'>ut</span> <span class='ocrx_word' id='word_1_196' title='bbox 963 1568 1090 1609; x_wconf 88' lang='lat' dir='ltr'>spero</span> <span class='ocrx_word' id='word_1_197' title='bbox 1124 1555 1397 1596; x_wconf 82' lang='lat' dir='ltr'>alumnorum</span> <span class='ocrx_word' id='word_1_198' title='bbox 1431 1556 1562 1597; x_wconf 86' lang='lat' dir='ltr'>etiam</span> <span class='ocrx_word' id='word_1_199' title='bbox 1599 1556 1839 1601; x_wconf 82' lang='lat' dir='ltr'>uoluntate,</span> 
     </span>
     <span class='ocr_line' id='line_1_22' title="bbox 37 1619 1842 1676; baseline 0.001 -15"><span class='ocrx_word' id='word_1_200' title='bbox 37 1634 218 1675; x_wconf 88' lang='lat' dir='ltr'>quorum</span> <span class='ocrx_word' id='word_1_201' title='bbox 260 1619 492 1674; x_wconf 87' lang='lat' dir='ltr'>praecipue</span> <span class='ocrx_word' id='word_1_202' title='bbox 525 1620 591 1661; x_wconf 83' lang='lat' dir='ltr'>his</span> <span class='ocrx_word' id='word_1_203' title='bbox 634 1620 902 1675; x_wconf 85' lang='lat' dir='ltr'>temporibus</span> <span class='ocrx_word' id='word_1_204' title='bbox 936 1634 1005 1662; x_wconf 84' lang='lat' dir='ltr'>res</span> <span class='ocrx_word' id='word_1_205' title='bbox 1040 1620 1185 1674; x_wconf 79' lang='lat' dir='ltr'>agitur</span> <span class='ocrx_word' id='word_1_206' title='bbox 1220 1623 1264 1662; x_wconf 87' lang='lat' dir='ltr'>et</span> <span class='ocrx_word' id='word_1_207' title='bbox 1297 1635 1401 1663; x_wconf 81' lang='lat' dir='ltr'>suae</span> <span class='ocrx_word' id='word_1_208' title='bbox 1439 1621 1688 1676; x_wconf 77' lang='lat' dir='ltr'>prouinciae</span> <span class='ocrx_word' id='word_1_209' title='bbox 1722 1621 1842 1663; x_wconf 77' lang='lat' dir='ltr'>salus</span> 
     </span>
     <span class='ocr_line' id='line_1_23' title="bbox 36 1685 1842 1741; baseline 0.001 -14"><span class='ocrx_word' id='word_1_210' title='bbox 36 1685 79 1727; x_wconf 89' lang='lat' dir='ltr'>in</span> <span class='ocrx_word' id='word_1_211' title='bbox 124 1687 297 1728; x_wconf 85' lang='lat' dir='ltr'>tantum</span> <span class='ocrx_word' id='word_1_212' title='bbox 339 1685 570 1727; x_wconf 78' lang='lat' dir='ltr'>discrimen</span> <span class='ocrx_word' id='word_1_213' title='bbox 613 1686 855 1728; x_wconf 81' lang='lat' dir='ltr'>adducitur.</span> <span class='ocrx_word' id='word_1_214' title='bbox 922 1687 1040 1728; x_wconf 87' lang='lat' dir='ltr'>Deus</span> <span class='ocrx_word' id='word_1_215' title='bbox 1083 1689 1170 1741; x_wconf 92' lang='lat' dir='ltr'>opt.</span> <span class='ocrx_word' id='word_1_216' title='bbox 1204 1701 1319 1728; x_wconf 78' lang='lat' dir='ltr'>max.</span> <span class='ocrx_word' id='word_1_217' title='bbox 1356 1688 1427 1740; x_wconf 84' lang='lat' dir='ltr'>qui</span> <span class='ocrx_word' id='word_1_218' title='bbox 1467 1688 1558 1729; x_wconf 92' lang='lat' dir='ltr'>orbi</span> <span class='ocrx_word' id='word_1_219' title='bbox 1593 1687 1842 1729; x_wconf 80' lang='lat' dir='ltr'>dominatur</span> 
     </span>
     <span class='ocr_line' id='line_1_24' title="bbox 36 1752 1841 1807; baseline 0.001 -14"><span class='ocrx_word' id='word_1_220' title='bbox 36 1754 211 1794; x_wconf 84' lang='lat' dir='ltr'>nostras</span> <span class='ocrx_word' id='word_1_221' title='bbox 244 1766 395 1806; x_wconf 83' lang='lat' dir='ltr'>preces</span> <span class='ocrx_word' id='word_1_222' title='bbox 427 1753 641 1806; x_wconf 75' lang='lat' dir='ltr'>benignus</span> <span class='ocrx_word' id='word_1_223' title='bbox 675 1752 894 1799; x_wconf 72' lang='lat' dir='ltr'>exaudiat,</span> <span class='ocrx_word' id='word_1_224' title='bbox 941 1753 1095 1806; x_wconf 88' lang='lat' dir='ltr'>quibus</span> <span class='ocrx_word' id='word_1_225' title='bbox 1129 1752 1361 1806; x_wconf 85' lang='lat' dir='ltr'>aliquando</span> <span class='ocrx_word' id='word_1_226' title='bbox 1396 1753 1596 1807; x_wconf 83' lang='lat' dir='ltr'>placatus</span> <span class='ocrx_word' id='word_1_227' title='bbox 1630 1752 1841 1794; x_wconf 75' lang='lat' dir='ltr'>(¹liristia-</span> 
     </span>
     <span class='ocr_line' id='line_1_25' title="bbox 37 1818 1842 1873; baseline 0.001 -14"><span class='ocrx_word' id='word_1_228' title='bbox 37 1832 136 1859; x_wconf 87' lang='lat' dir='ltr'>nam</span> <span class='ocrx_word' id='word_1_229' title='bbox 175 1818 416 1860; x_wconf 82' lang='lat' dir='ltr'>constituat</span> <span class='ocrx_word' id='word_1_230' title='bbox 449 1832 581 1872; x_wconf 89' lang='lat' dir='ltr'>remp.</span> <span class='ocrx_word' id='word_1_231' title='bbox 608 1821 653 1860; x_wconf 87' lang='lat' dir='ltr'>et</span> <span class='ocrx_word' id='word_1_232' title='bbox 685 1821 953 1872; x_wconf 78' lang='lat' dir='ltr'>cognoscant</span> <span class='ocrx_word' id='word_1_233' title='bbox 987 1833 1135 1860; x_wconf 86' lang='lat' dir='ltr'>omnes</span> <span class='ocrx_word' id='word_1_234' title='bbox 1168 1819 1308 1873; x_wconf 89' lang='lat' dir='ltr'>ipsum</span> <span class='ocrx_word' id='word_1_235' title='bbox 1343 1833 1437 1861; x_wconf 85' lang='lat' dir='ltr'>esse</span> <span class='ocrx_word' id='word_1_236' title='bbox 1471 1825 1642 1872; x_wconf 76' lang='lat' dir='ltr'>regem⁵¹</span> <span class='ocrx_word' id='word_1_237' title='bbox 1678 1821 1721 1860; x_wconf 88' lang='lat' dir='ltr'>et</span> <span class='ocrx_word' id='word_1_238' title='bbox 1755 1818 1780 1859; x_wconf 92' lang='lat' dir='ltr'>d</span> <span class='ocrx_word' id='word_1_239' title='bbox 1795 1833 1842 1860; x_wconf 89' lang='lat' dir='ltr'>o—</span> 
     </span>
     <span class='ocr_line' id='line_1_26' title="bbox 36 1883 1841 1939; baseline 0 -14"><span class='ocrx_word' id='word_1_240' title='bbox 36 1884 141 1925; x_wconf 87' lang='lat' dir='ltr'>min</span> <span class='ocrx_word' id='word_1_241' title='bbox 155 1899 234 1925; x_wconf 91' lang='lat' dir='ltr'>um</span> <span class='ocrx_word' id='word_1_242' title='bbox 268 1884 293 1925; x_wconf 90' lang='lat' dir='ltr'>d</span> <span class='ocrx_word' id='word_1_243' title='bbox 307 1884 722 1927; x_wconf 76' lang='lat' dir='ltr'>ominantium1.</span> <span class='ocrx_word' id='word_1_244' title='bbox 759 1887 803 1925; x_wconf 90' lang='lat' dir='ltr'>et</span> <span class='ocrx_word' id='word_1_245' title='bbox 837 1898 933 1926; x_wconf 90' lang='lat' dir='ltr'>eum</span> <span class='ocrx_word' id='word_1_246' title='bbox 967 1884 1039 1938; x_wconf 89' lang='lat' dir='ltr'>qui</span> <span class='ocrx_word' id='word_1_247' title='bbox 1073 1899 1149 1926; x_wconf 86' lang='lat' dir='ltr'>suo</span> <span class='ocrx_word' id='word_1_248' title='bbox 1184 1885 1414 1934; x_wconf 76' lang='lat' dir='ltr'>arbitratu,</span> <span class='ocrx_word' id='word_1_249' title='bbox 1450 1887 1580 1939; x_wconf 91' lang='lat' dir='ltr'>prout</span> <span class='ocrx_word' id='word_1_250' title='bbox 1613 1884 1702 1925; x_wconf 82' lang='lat' dir='ltr'>suis</span> <span class='ocrx_word' id='word_1_251' title='bbox 1735 1883 1841 1925; x_wconf 84' lang='lat' dir='ltr'>fide-</span> 
     </span>
     <span class='ocr_line' id='line_1_27' title="bbox 37 1949 1332 2007; baseline 0.001 -16"><span class='ocrx_word' id='word_1_252' title='bbox 37 1949 148 1992; x_wconf 86' lang='lat' dir='ltr'>libus</span> <span class='ocrx_word' id='word_1_253' title='bbox 182 1949 302 1992; x_wconf 88' lang='lat' dir='ltr'>uidet</span> <span class='ocrx_word' id='word_1_254' title='bbox 335 1950 539 2004; x_wconf 81' lang='lat' dir='ltr'>expedire</span> <span class='ocrx_word' id='word_1_255' title='bbox 574 1950 642 1992; x_wconf 90' lang='lat' dir='ltr'>uel</span> <span class='ocrx_word' id='word_1_256' title='bbox 676 1950 752 1992; x_wconf 87' lang='lat' dir='ltr'>dat</span> <span class='ocrx_word' id='word_1_257' title='bbox 786 1950 854 1992; x_wconf 91' lang='lat' dir='ltr'>uel</span> <span class='ocrx_word' id='word_1_258' title='bbox 889 1949 1041 1992; x_wconf 86' lang='lat' dir='ltr'>adimit</span> <span class='ocrx_word' id='word_1_259' title='bbox 1073 1953 1332 2007; x_wconf 77' lang='lat' dir='ltr'>potestates.</span> 
     </span>
    </p>
   </div>
   <div class='ocr_carea' id='block_1_3' title="bbox 38 2018 1844 2472">
    <p class='ocr_par' dir='ltr' id='par_1_4' title="bbox 38 2018 1844 2472">
     <span class='ocr_line' id='line_1_28' title="bbox 157 2018 1842 2076; baseline -0.001 -13"><span class='ocrx_word' id='word_1_260' title='bbox 157 2022 264 2075; x_wconf 80' lang='lat' dir='ltr'>Egit</span> <span class='ocrx_word' id='word_1_261' title='bbox 295 2018 463 2064; x_wconf 85' lang='lat' dir='ltr'>mecum</span> <span class='ocrx_word' id='word_1_262' title='bbox 496 2022 541 2064; x_wconf 85' lang='lat' dir='ltr'>P.</span> <span class='ocrx_word' id='word_1_263' title='bbox 568 2023 795 2065; x_wconf 74' lang='lat' dir='ltr'>Busaeus²</span> <span class='ocrx_word' id='word_1_264' title='bbox 828 2025 1064 2076; x_wconf 83' lang='lat' dir='ltr'>antequam</span> <span class='ocrx_word' id='word_1_265' title='bbox 1098 2037 1152 2064; x_wconf 83' lang='lat' dir='ltr'>ex</span> <span class='ocrx_word' id='word_1_266' title='bbox 1187 2023 1291 2064; x_wconf 87' lang='lat' dir='ltr'>urbe</span> <span class='ocrx_word' id='word_1_267' title='bbox 1326 2022 1570 2064; x_wconf 82' lang='lat' dir='ltr'>discederet</span> <span class='ocrx_word' id='word_1_268' title='bbox 1603 2022 1653 2063; x_wconf 88' lang='lat' dir='ltr'>de</span> <span class='ocrx_word' id='word_1_269' title='bbox 1682 2024 1842 2076; x_wconf 85' lang='lat' dir='ltr'>nepote</span> 
     </span>
     <span class='ocr_line' id='line_1_29' title="bbox 40 2087 1844 2143; baseline -0.001 -14"><span class='ocrx_word' id='word_1_270' title='bbox 40 2088 89 2129; x_wconf 87' lang='lat' dir='ltr'>V.</span> <span class='ocrx_word' id='word_1_271' title='bbox 115 2087 164 2129; x_wconf 84' lang='lat' dir='ltr'>R.</span> <span class='ocrx_word' id='word_1_272' title='bbox 190 2087 233 2129; x_wconf 89' lang='lat' dir='ltr'>in</span> <span class='ocrx_word' id='word_1_273' title='bbox 267 2087 495 2141; x_wconf 77' lang='lat' dir='ltr'>collegium</span> <span class='ocrx_word' id='word_1_274' title='bbox 531 2088 843 2138; x_wconf 60' lang='grc'><strong>11111111116111103,</strong></span> <span class='ocrx_word' id='word_1_275' title='bbox 879 2088 982 2142; x_wconf 88' lang='lat' dir='ltr'>quin</span> <span class='ocrx_word' id='word_1_276' title='bbox 1015 2088 1148 2130; x_wconf 84' lang='lat' dir='ltr'>etiam</span> <span class='ocrx_word' id='word_1_277' title='bbox 1177 2103 1315 2143; x_wconf 85' lang='lat' dir='ltr'>nuper</span> <span class='ocrx_word' id='word_1_278' title='bbox 1339 2088 1489 2130; x_wconf 85' lang='lat' dir='ltr'>eadem</span> <span class='ocrx_word' id='word_1_279' title='bbox 1514 2088 1565 2130; x_wconf 90' lang='lat' dir='ltr'>de</span> <span class='ocrx_word' id='word_1_280' title='bbox 1590 2102 1635 2129; x_wconf 87' lang='lat' dir='ltr'>re</span> <span class='ocrx_word' id='word_1_281' title='bbox 1669 2087 1844 2129; x_wconf 82' lang='lat' dir='ltr'>litteras</span> 
     </span>
     <span class='ocr_line' id='line_1_30' title="bbox 39 2153 1842 2209; baseline -0.001 -14"><span class='ocrx_word' id='word_1_282' title='bbox 39 2153 93 2195; x_wconf 81' lang='lat' dir='ltr'>ad</span> <span class='ocrx_word' id='word_1_283' title='bbox 136 2168 203 2195; x_wconf 91' lang='lat' dir='ltr'>me</span> <span class='ocrx_word' id='word_1_284' title='bbox 247 2153 378 2203; x_wconf 79' lang='grc'><strong>(161111,</strong></span> <span class='ocrx_word' id='word_1_285' title='bbox 423 2153 490 2195; x_wconf 89' lang='lat' dir='ltr'>cui</span> <span class='ocrx_word' id='word_1_286' title='bbox 533 2153 685 2196; x_wconf 83' lang='lat' dir='ltr'>statim</span> <span class='ocrx_word' id='word_1_287' title='bbox 719 2154 921 2209; x_wconf 85' lang='lat' dir='ltr'>rescripsi</span> <span class='ocrx_word' id='word_1_288' title='bbox 955 2157 1000 2196; x_wconf 91' lang='lat' dir='ltr'>et</span> <span class='ocrx_word' id='word_1_289' title='bbox 1031 2154 1137 2196; x_wconf 89' lang='lat' dir='ltr'>illud</span> <span class='ocrx_word' id='word_1_290' title='bbox 1170 2155 1311 2209; x_wconf 88' lang='lat' dir='ltr'>ipsum</span> <span class='ocrx_word' id='word_1_291' title='bbox 1346 2154 1458 2208; x_wconf 86' lang='grc'><strong>1111011</strong></span> <span class='ocrx_word' id='word_1_292' title='bbox 1492 2154 1715 2209; x_wconf 83' lang='lat' dir='ltr'>praesenti</span> <span class='ocrx_word' id='word_1_293' title='bbox 1749 2153 1842 2208; x_wconf 83' lang='lat' dir='ltr'>pol-</span> 
     </span>
     <span class='ocr_line' id='line_1_31' title="bbox 39 2219 1841 2275; baseline 0.001 -15"><span class='ocrx_word' id='word_1_294' title='bbox 39 2219 185 2261; x_wconf 82' lang='lat' dir='ltr'>licitus</span> <span class='ocrx_word' id='word_1_295' title='bbox 219 2234 336 2261; x_wconf 62' lang='grc'><strong>610111</strong></span> <span class='ocrx_word' id='word_1_296' title='bbox 371 2220 540 2262; x_wconf 84' lang='lat' dir='ltr'>absenti</span> <span class='ocrx_word' id='word_1_297' title='bbox 575 2220 707 2262; x_wconf 80' lang='lat' dir='ltr'>etiam</span> <span class='ocrx_word' id='word_1_298' title='bbox 742 2220 1006 2270; x_wconf 71' lang='grc'><strong>001111111111111,</strong></span> <span class='ocrx_word' id='word_1_299' title='bbox 1041 2223 1134 2262; x_wconf 89' lang='lat' dir='ltr'>tum</span> <span class='ocrx_word' id='word_1_300' title='bbox 1169 2221 1282 2274; x_wconf 91' lang='lat' dir='ltr'>quod</span> <span class='ocrx_word' id='word_1_301' title='bbox 1316 2219 1377 2261; x_wconf 88' lang='lat' dir='ltr'>illi</span> <span class='ocrx_word' id='word_1_302' title='bbox 1411 2219 1535 2275; x_wconf 90' lang='lat' dir='ltr'>cupio</span> <span class='ocrx_word' id='word_1_303' title='bbox 1570 2219 1841 2262; x_wconf 77' lang='lat' dir='ltr'>satisfacere.</span> 
     </span>
     <span class='ocr_line' id='line_1_32' title="bbox 38 2284 1844 2341; baseline 0 -15"><span class='ocrx_word' id='word_1_304' title='bbox 38 2288 130 2327; x_wconf 89' lang='lat' dir='ltr'>tum</span> <span class='ocrx_word' id='word_1_305' title='bbox 165 2285 296 2327; x_wconf 84' lang='lat' dir='ltr'>etiam</span> <span class='ocrx_word' id='word_1_306' title='bbox 330 2285 372 2326; x_wconf 90' lang='lat' dir='ltr'>in</span> <span class='ocrx_word' id='word_1_307' title='bbox 412 2285 601 2339; x_wconf 76' lang='lat' dir='ltr'>gratiam</span> <span class='ocrx_word' id='word_1_308' title='bbox 635 2285 685 2328; x_wconf 87' lang='lat' dir='ltr'>R.</span> <span class='ocrx_word' id='word_1_309' title='bbox 711 2286 762 2327; x_wconf 90' lang='lat' dir='ltr'>V.</span> <span class='ocrx_word' id='word_1_310' title='bbox 789 2289 833 2328; x_wconf 87' lang='lat' dir='ltr'>et</span> <span class='ocrx_word' id='word_1_311' title='bbox 866 2285 1039 2328; x_wconf 88' lang='lat' dir='ltr'>Ioannis</span> <span class='ocrx_word' id='word_1_312' title='bbox 1073 2286 1205 2328; x_wconf 83' lang='lat' dir='ltr'>etiam</span> <span class='ocrx_word' id='word_1_313' title='bbox 1238 2287 1422 2341; x_wconf 71' lang='lat' dir='ltr'>nepotis,</span> <span class='ocrx_word' id='word_1_314' title='bbox 1469 2285 1539 2340; x_wconf 88' lang='lat' dir='ltr'>qui</span> <span class='ocrx_word' id='word_1_315' title='bbox 1574 2300 1669 2327; x_wconf 90' lang='lat' dir='ltr'>cum</span> <span class='ocrx_word' id='word_1_316' title='bbox 1704 2284 1761 2326; x_wconf 87' lang='lat' dir='ltr'>sit</span> <span class='ocrx_word' id='word_1_317' title='bbox 1795 2288 1844 2326; x_wconf 91' lang='lat' dir='ltr'>ut</span> 
     </span>
     <span class='ocr_line' id='line_1_33' title="bbox 38 2350 1841 2407; baseline -0.001 -15"><span class='ocrx_word' id='word_1_318' title='bbox 38 2350 124 2392; x_wconf 86' lang='lat' dir='ltr'>iam</span> <span class='ocrx_word' id='word_1_319' title='bbox 158 2365 212 2393; x_wconf 80' lang='lat' dir='ltr'>ex</span> <span class='ocrx_word' id='word_1_320' title='bbox 245 2351 393 2393; x_wconf 87' lang='lat' dir='ltr'>multis</span> <span class='ocrx_word' id='word_1_321' title='bbox 427 2351 584 2402; x_wconf 70' lang='lat' dir='ltr'>audiui.</span> <span class='ocrx_word' id='word_1_322' title='bbox 626 2354 670 2393; x_wconf 90' lang='lat' dir='ltr'>et</span> <span class='ocrx_word' id='word_1_323' title='bbox 703 2352 893 2406; x_wconf 87' lang='lat' dir='ltr'>optimae</span> <span class='ocrx_word' id='word_1_324' title='bbox 927 2351 1082 2394; x_wconf 87' lang='lat' dir='ltr'>indolis</span> <span class='ocrx_word' id='word_1_325' title='bbox 1116 2355 1160 2394; x_wconf 91' lang='lat' dir='ltr'>et</span> <span class='ocrx_word' id='word_1_326' title='bbox 1192 2352 1409 2393; x_wconf 79' lang='lat' dir='ltr'>maximae</span> <span class='ocrx_word' id='word_1_327' title='bbox 1449 2351 1539 2407; x_wconf 86' lang='lat' dir='ltr'>spei</span> <span class='ocrx_word' id='word_1_328' title='bbox 1574 2351 1841 2393; x_wconf 78' lang='lat' dir='ltr'>adolescens.</span> 
     </span>
     <span class='ocr_line' id='line_1_34' title="bbox 39 2416 1843 2472; baseline -0.001 -14"><span class='ocrx_word' id='word_1_329' title='bbox 39 2417 146 2459; x_wconf 83' lang='lat' dir='ltr'>facit</span> <span class='ocrx_word' id='word_1_330' title='bbox 179 2419 227 2459; x_wconf 92' lang='lat' dir='ltr'>ut</span> <span class='ocrx_word' id='word_1_331' title='bbox 259 2417 379 2459; x_wconf 84' lang='lat' dir='ltr'>nulla</span> <span class='ocrx_word' id='word_1_332' title='bbox 420 2417 571 2459; x_wconf 88' lang='lat' dir='ltr'>habita</span> <span class='ocrx_word' id='word_1_333' title='bbox 604 2418 773 2459; x_wconf 84' lang='lat' dir='ltr'>ratione</span> <span class='ocrx_word' id='word_1_334' title='bbox 807 2417 921 2459; x_wconf 84' lang='lat' dir='ltr'>aeris</span> <span class='ocrx_word' id='word_1_335' title='bbox 955 2417 1095 2469; x_wconf 84' lang='lat' dir='ltr'>alieni,</span> <span class='ocrx_word' id='word_1_336' title='bbox 1141 2421 1185 2460; x_wconf 90' lang='lat' dir='ltr'>et</span> <span class='ocrx_word' id='word_1_337' title='bbox 1218 2418 1454 2459; x_wconf 83' lang='lat' dir='ltr'>multarum</span> <span class='ocrx_word' id='word_1_338' title='bbox 1495 2420 1723 2472; x_wconf 81' lang='lat' dir='ltr'>praeterea</span> <span class='ocrx_word' id='word_1_339' title='bbox 1759 2416 1843 2458; x_wconf 82' lang='lat' dir='ltr'>dif-</span> 
     </span>
    </p>
   </div>
   <div class='ocr_carea' id='block_1_4' title="bbox 161 2510 1270 2543">
    <p class='ocr_par' dir='ltr' id='par_1_5' title="bbox 161 2510 1270 2543">
     <span class='ocr_line' id='line_1_35' title="bbox 161 2510 1270 2543; baseline 0.002 -8"><span class='ocrx_word' id='word_1_340' title='bbox 161 2510 189 2535; x_wconf 68' lang='grc'>111</span> <span class='ocrx_word' id='word_1_341' title='bbox 210 2512 451 2542; x_wconf 51' lang='lat' dir='ltr'>,suzpplmahmnne</span> <span class='ocrx_word' id='word_1_342' title='bbox 472 2519 577 2543; x_wconf 73' lang='lat' dir='ltr'>regum</span> <span class='ocrx_word' id='word_1_343' title='bbox 591 2512 603 2536; x_wconf 66' lang='lat'>2?</span> <span class='ocrx_word' id='word_1_344' title='bbox 632 2513 676 2543; x_wconf 61' lang='lat' dir='ltr'>(s,</span> <span class='ocrx_word' id='word_1_345' title='bbox 700 2514 714 2536; x_wconf 91' lang='lat'>1</span> <span class='ocrx_word' id='word_1_346' title='bbox 740 2513 801 2536; x_wconf 79' lang='lat' dir='ltr'>Tim</span> <span class='ocrx_word' id='word_1_347' title='bbox 823 2515 849 2541; x_wconf 78' lang='lat'>6,</span> <span class='ocrx_word' id='word_1_348' title='bbox 871 2514 922 2543; x_wconf 83' lang='lat'>15,·</span> <span class='ocrx_word' id='word_1_349' title='bbox 945 2514 1005 2543; x_wconf 67' lang='lat' dir='ltr'>Apr</span> <span class='ocrx_word' id='word_1_350' title='bbox 1027 2514 1069 2539; x_wconf 83' lang='lat'>17.</span> <span class='ocrx_word' id='word_1_351' title='bbox 1091 2513 1143 2543; x_wconf 62' lang='lat'>145</span> <span class='ocrx_word' id='word_1_352' title='bbox 1163 2514 1206 2541; x_wconf 78' lang='lat'>19,</span> <span class='ocrx_word' id='word_1_353' title='bbox 1229 2515 1270 2537; x_wconf 80' lang='lat'>16.</span> 
     </span>
    </p>
   </div>
   <div class='ocr_carea' id='block_1_5' title="bbox 43 2625 1844 3262">
    <p class='ocr_par' dir='ltr' id='par_1_6' title="bbox 166 2625 1007 2669">
     <span class='ocr_line' id='line_1_36' title="bbox 166 2625 1007 2669; baseline 0 -9"><span class='ocrx_word' id='word_1_354' title='bbox 166 2627 172 2643; x_wconf 84' lang='lat'>¹</span> <span class='ocrx_word' id='word_1_355' title='bbox 200 2626 250 2660; x_wconf 94' lang='lat' dir='ltr'>Dt</span> <span class='ocrx_word' id='word_1_356' title='bbox 278 2627 331 2665; x_wconf 80' lang='lat'>10,</span> <span class='ocrx_word' id='word_1_357' title='bbox 362 2627 425 2667; x_wconf 72' lang='grc' dir='ltr'>17ς</span> <span class='ocrx_word' id='word_1_358' title='bbox 456 2627 473 2659; x_wconf 88' lang='grc'>1</span> <span class='ocrx_word' id='word_1_359' title='bbox 502 2625 581 2661; x_wconf 88' lang='grc' dir='ltr'><strong>Τ1111</strong></span> <span class='ocrx_word' id='word_1_360' title='bbox 609 2627 640 2666; x_wconf 84' lang='grc'><strong>6,</strong></span> <span class='ocrx_word' id='word_1_361' title='bbox 670 2627 734 2667; x_wconf 78' lang='grc' dir='ltr'><strong>1ἶ);</strong></span> <span class='ocrx_word' id='word_1_362' title='bbox 763 2626 839 2669; x_wconf 87' lang='lat' dir='ltr'>Apc</span> <span class='ocrx_word' id='word_1_363' title='bbox 870 2627 922 2665; x_wconf 78' lang='lat'>19,</span> <span class='ocrx_word' id='word_1_364' title='bbox 952 2627 1007 2660; x_wconf 79' lang='lat'>16.</span> 
     </span>
    </p>

    <p class='ocr_par' dir='ltr' id='par_1_7' title="bbox 43 2679 1843 2831">
     <span class='ocr_line' id='line_1_37' title="bbox 163 2679 1842 2724; baseline -0.001 -11"><span class='ocrx_word' id='word_1_365' title='bbox 163 2680 175 2698; x_wconf 72' lang='lat'><em>²</em></span> <span class='ocrx_word' id='word_1_366' title='bbox 202 2679 405 2724; x_wconf 74' lang='lat' dir='ltr'>Significari</span> <span class='ocrx_word' id='word_1_367' title='bbox 434 2680 472 2714; x_wconf 88' lang='lat' dir='ltr'>P.</span> <span class='ocrx_word' id='word_1_368' title='bbox 493 2680 662 2714; x_wconf 87' lang='lat' dir='ltr'>loannem</span> <span class='ocrx_word' id='word_1_369' title='bbox 689 2680 870 2713; x_wconf 81' lang='lat' dir='ltr'>Busaeum</span> <span class='ocrx_word' id='word_1_370' title='bbox 897 2680 953 2720; x_wconf 65' lang='lat' dir='ltr'>(de</span> <span class='ocrx_word' id='word_1_371' title='bbox 975 2691 1044 2723; x_wconf 89' lang='grc'><strong>(1110</strong></span> <span class='ocrx_word' id='word_1_372' title='bbox 1064 2680 1169 2720; x_wconf 78' lang='lat' dir='ltr'>infra,</span> <span class='ocrx_word' id='word_1_373' title='bbox 1198 2692 1252 2723; x_wconf 82' lang='lat' dir='ltr'>ep.</span> <span class='ocrx_word' id='word_1_374' title='bbox 1274 2681 1376 2719; x_wconf 68' lang='lat'>2:339,</span> <span class='ocrx_word' id='word_1_375' title='bbox 1405 2680 1508 2722; x_wconf 80' lang='lat' dir='ltr'>plura</span> <span class='ocrx_word' id='word_1_376' title='bbox 1537 2679 1701 2712; x_wconf 69' lang='lat' dir='ltr'>(licentur</span> <span class='ocrx_word' id='word_1_377' title='bbox 1740 2679 1842 2712; x_wconf 82' lang='lat' dir='ltr'>intel-</span> 
     </span>
     <span class='ocr_line' id='line_1_38' title="bbox 44 2733 1843 2778; baseline -0.002 -11"><span class='ocrx_word' id='word_1_378' title='bbox 44 2733 177 2778; x_wconf 77' lang='lat' dir='ltr'>legitur</span> <span class='ocrx_word' id='word_1_379' title='bbox 202 2746 247 2767; x_wconf 85' lang='lat' dir='ltr'>ex</span> <span class='ocrx_word' id='word_1_380' title='bbox 275 2734 437 2768; x_wconf 82' lang='lat' dir='ltr'>*litteris</span> <span class='ocrx_word' id='word_1_381' title='bbox 464 2734 578 2768; x_wconf 79' lang='lat' dir='ltr'>Roma</span> <span class='ocrx_word' id='word_1_382' title='bbox 604 2735 660 2769; x_wconf 85' lang='lat'>30.</span> <span class='ocrx_word' id='word_1_383' title='bbox 681 2734 818 2777; x_wconf 85' lang='lat' dir='ltr'>Aprilis</span> <span class='ocrx_word' id='word_1_384' title='bbox 848 2734 939 2768; x_wconf 69' lang='grc'><strong>1594</strong></span> <span class='ocrx_word' id='word_1_385' title='bbox 976 2734 1019 2767; x_wconf 83' lang='lat' dir='ltr'>ad</span> <span class='ocrx_word' id='word_1_386' title='bbox 1046 2733 1141 2767; x_wconf 90' lang='lat' dir='ltr'>hunc</span> <span class='ocrx_word' id='word_1_387' title='bbox 1169 2745 1189 2767; x_wconf 81' lang='lat' dir='ltr'>a</span> <span class='ocrx_word' id='word_1_388' title='bbox 1217 2734 1410 2766; x_wconf 62' lang='lat' dir='ltr'>Mam-onio</span> <span class='ocrx_word' id='word_1_389' title='bbox 1437 2733 1543 2772; x_wconf 78' lang='lat' dir='ltr'>(latis,</span> <span class='ocrx_word' id='word_1_390' title='bbox 1582 2744 1732 2776; x_wconf 80' lang='lat' dir='ltr'>quarum</span> <span class='ocrx_word' id='word_1_391' title='bbox 1761 2744 1843 2775; x_wconf 75' lang='lat' dir='ltr'>apo-</span> 
     </span>
     <span class='ocr_line' id='line_1_39' title="bbox 43 2787 1843 2831; baseline -0.001 -11"><span class='ocrx_word' id='word_1_392' title='bbox 43 2787 218 2831; x_wconf 79' lang='lat' dir='ltr'>graphum</span> <span class='ocrx_word' id='word_1_393' title='bbox 235 2788 340 2821; x_wconf 84' lang='lat' dir='ltr'>estin</span> <span class='ocrx_word' id='word_1_394' title='bbox 356 2788 485 2822; x_wconf 80' lang='lat' dir='ltr'>Codice</span> <span class='ocrx_word' id='word_1_395' title='bbox 505 2788 710 2831; x_wconf 69' lang='lat' dir='ltr'>„Epistolae</span> <span class='ocrx_word' id='word_1_396' title='bbox 725 2788 830 2822; x_wconf 83' lang='lat' dir='ltr'>datae</span> <span class='ocrx_word' id='word_1_397' title='bbox 846 2799 867 2821; x_wconf 86' lang='lat' dir='ltr'>a</span> <span class='ocrx_word' id='word_1_398' title='bbox 882 2787 1116 2821; x_wconf 68' lang='lat' dir='ltr'>Rectoribus‘</span> <span class='ocrx_word' id='word_1_399' title='bbox 1136 2790 1215 2823; x_wconf 81' lang='lat' dir='ltr'>etc..</span> <span class='ocrx_word' id='word_1_400' title='bbox 1237 2799 1343 2830; x_wconf 86' lang='lat' dir='ltr'>quem</span> <span class='ocrx_word' id='word_1_401' title='bbox 1360 2798 1469 2830; x_wconf 80' lang='lat' dir='ltr'>supra</span> <span class='ocrx_word' id='word_1_402' title='bbox 1486 2787 1572 2823; x_wconf 79' lang='lat' dir='ltr'>dixi.</span> <span class='ocrx_word' id='word_1_403' title='bbox 1592 2799 1624 2829; x_wconf 86' lang='lat' dir='ltr'>p.</span> <span class='ocrx_word' id='word_1_404' title='bbox 1644 2788 1749 2819; x_wconf 34' lang='lat' dir='ltr'>lOOJ</span> <span class='ocrx_word' id='word_1_405' title='bbox 1764 2787 1843 2819; x_wconf 84' lang='lat'>101.</span> 
     </span>
    </p>

    <p class='ocr_par' dir='ltr' id='par_1_8' title="bbox 44 2840 1844 3262">
     <span class='ocr_line' id='line_1_40' title="bbox 164 2840 1843 2884; baseline -0.002 -9"><span class='ocrx_word' id='word_1_406' title='bbox 164 2841 176 2858; x_wconf 70' lang='lat'>²³</span> <span class='ocrx_word' id='word_1_407' title='bbox 204 2842 307 2875; x_wconf 90' lang='lat' dir='ltr'>Hunc</span> <span class='ocrx_word' id='word_1_408' title='bbox 335 2842 448 2876; x_wconf 85' lang='lat' dir='ltr'>fuisse</span> <span class='ocrx_word' id='word_1_409' title='bbox 468 2842 637 2875; x_wconf 82' lang='lat' dir='ltr'>loannem</span> <span class='ocrx_word' id='word_1_410' title='bbox 657 2842 841 2876; x_wconf 79' lang='lat' dir='ltr'>Canisium</span> <span class='ocrx_word' id='word_1_411' title='bbox 870 2844 972 2884; x_wconf 81' lang='lat' dir='ltr'>patet</span> <span class='ocrx_word' id='word_1_412' title='bbox 998 2853 1043 2875; x_wconf 80' lang='lat' dir='ltr'>ex</span> <span class='ocrx_word' id='word_1_413' title='bbox 1063 2842 1078 2859; x_wconf 80' lang='grc'><em>*</em></span> <span class='ocrx_word' id='word_1_414' title='bbox 1096 2841 1225 2875; x_wconf 87' lang='lat' dir='ltr'>litteris</span> <span class='ocrx_word' id='word_1_415' title='bbox 1244 2853 1263 2874; x_wconf 83' lang='lat' dir='ltr'>a</span> <span class='ocrx_word' id='word_1_416' title='bbox 1283 2842 1478 2874; x_wconf 60' lang='lat' dir='ltr'>Mans-onio</span> <span class='ocrx_word' id='word_1_417' title='bbox 1496 2840 1608 2873; x_wconf 78' lang='lat' dir='ltr'>Roma</span> <span class='ocrx_word' id='word_1_418' title='bbox 1629 2841 1684 2873; x_wconf 77' lang='lat'>30.</span> <span class='ocrx_word' id='word_1_419' title='bbox 1709 2840 1843 2882; x_wconf 62' lang='lat' dir='ltr'>Aprilis</span> 
     </span>
     <span class='ocr_line' id='line_1_41' title="bbox 46 2893 1840 2939; baseline -0.002 -10"><span class='ocrx_word' id='word_1_420' title='bbox 46 2896 137 2930; x_wconf 72' lang='lat'>1594</span> <span class='ocrx_word' id='word_1_421' title='bbox 163 2896 206 2929; x_wconf 81' lang='lat' dir='ltr'>ad</span> <span class='ocrx_word' id='word_1_422' title='bbox 234 2896 273 2930; x_wconf 90' lang='lat' dir='ltr'>P.</span> <span class='ocrx_word' id='word_1_423' title='bbox 294 2896 474 2930; x_wconf 82' lang='lat' dir='ltr'>Simonem</span> <span class='ocrx_word' id='word_1_424' title='bbox 494 2896 625 2930; x_wconf 84' lang='lat' dir='ltr'>Hiendl</span> <span class='ocrx_word' id='word_1_425' title='bbox 652 2899 829 2929; x_wconf 83' lang='lat' dir='ltr'>rectorem</span> <span class='ocrx_word' id='word_1_426' title='bbox 856 2895 1000 2939; x_wconf 78' lang='lat' dir='ltr'>collegii</span> <span class='ocrx_word' id='word_1_427' title='bbox 1027 2895 1254 2929; x_wconf 82' lang='lat' dir='ltr'>monacensis</span> <span class='ocrx_word' id='word_1_428' title='bbox 1281 2895 1386 2934; x_wconf 72' lang='lat' dir='ltr'>datis,</span> <span class='ocrx_word' id='word_1_429' title='bbox 1416 2906 1567 2937; x_wconf 85' lang='lat' dir='ltr'>quarum</span> <span class='ocrx_word' id='word_1_430' title='bbox 1595 2893 1840 2936; x_wconf 61' lang='lat' dir='ltr'>apographum</span> 
     </span>
     <span class='ocr_line' id='line_1_42' title="bbox 44 2947 1844 2994; baseline -0.003 -11"><span class='ocrx_word' id='word_1_431' title='bbox 44 2952 100 2983; x_wconf 88' lang='lat' dir='ltr'>est</span> <span class='ocrx_word' id='word_1_432' title='bbox 125 2949 161 2983; x_wconf 89' lang='lat' dir='ltr'>in</span> <span class='ocrx_word' id='word_1_433' title='bbox 189 2949 328 2989; x_wconf 71' lang='lat' dir='ltr'>Codice,</span> <span class='ocrx_word' id='word_1_434' title='bbox 365 2962 470 2993; x_wconf 83' lang='lat' dir='ltr'>quem</span> <span class='ocrx_word' id='word_1_435' title='bbox 497 2962 617 2994; x_wconf 68' lang='lat' dir='ltr'>supra,</span> <span class='ocrx_word' id='word_1_436' title='bbox 646 2962 678 2993; x_wconf 88' lang='lat' dir='ltr'>p.</span> <span class='ocrx_word' id='word_1_437' title='bbox 705 2951 784 2989; x_wconf 68' lang='lat'>356,</span> <span class='ocrx_word' id='word_1_438' title='bbox 813 2949 899 2988; x_wconf 79' lang='lat' dir='ltr'>dixi,</span> <span class='ocrx_word' id='word_1_439' title='bbox 927 2961 961 2992; x_wconf 85' lang='lat' dir='ltr'>p.</span> <span class='ocrx_word' id='word_1_440' title='bbox 989 2949 1066 2982; x_wconf 80' lang='lat'>101.</span> <span class='ocrx_word' id='word_1_441' title='bbox 1121 2948 1409 2991; x_wconf 83' lang='lat' dir='ltr'>Antiquissimus</span> <span class='ocrx_word' id='word_1_442' title='bbox 1446 2947 1587 2991; x_wconf 70' lang='lat' dir='ltr'>collegii</span> <span class='ocrx_word' id='word_1_443' title='bbox 1620 2949 1636 2965; x_wconf 65' lang='lat' dir='ltr'>ss</span> <span class='ocrx_word' id='word_1_444' title='bbox 1653 2948 1844 2988; x_wconf 59' lang='lat' dir='ltr'>(fataloqus</span> 
     </span>
     <span class='ocr_line' id='line_1_43' title="bbox 44 3000 1842 3047; baseline -0.003 -11"><span class='ocrx_word' id='word_1_445' title='bbox 44 3003 171 3038; x_wconf 86' lang='lat' dir='ltr'>habet:</span> <span class='ocrx_word' id='word_1_446' title='bbox 213 3004 286 3045; x_wconf 81' lang='lat' dir='ltr'>„Joz</span> <span class='ocrx_word' id='word_1_447' title='bbox 316 3004 484 3038; x_wconf 75' lang='lat' dir='ltr'>Canisius</span> <span class='ocrx_word' id='word_1_448' title='bbox 510 3004 814 3047; x_wconf 81' lang='lat' dir='ltr'>Nouiomagensis</span> <span class='ocrx_word' id='word_1_449' title='bbox 843 3002 1030 3036; x_wconf 81' lang='lat' dir='ltr'>Dioecesis</span> <span class='ocrx_word' id='word_1_450' title='bbox 1066 3002 1374 3035; x_wconf 82' lang='lat' dir='ltr'>Ruremundensis</span> <span class='ocrx_word' id='word_1_451' title='bbox 1417 3001 1575 3045; x_wconf 73' lang='lat' dir='ltr'>legitimo</span> <span class='ocrx_word' id='word_1_452' title='bbox 1614 3000 1842 3034; x_wconf 75' lang='lat' dir='ltr'>matrimonio</span> 
     </span>
     <span class='ocr_line' id='line_1_44' title="bbox 44 3053 1841 3102; baseline -0.002 -12"><span class='ocrx_word' id='word_1_453' title='bbox 44 3060 151 3091; x_wconf 84' lang='lat' dir='ltr'>natus</span> <span class='ocrx_word' id='word_1_454' title='bbox 178 3058 388 3101; x_wconf 83' lang='lat' dir='ltr'>parentibus</span> <span class='ocrx_word' id='word_1_455' title='bbox 415 3058 575 3102; x_wconf 83' lang='lat' dir='ltr'>patritijs</span> <span class='ocrx_word' id='word_1_456' title='bbox 602 3070 744 3101; x_wconf 83' lang='lat' dir='ltr'>semper</span> <span class='ocrx_word' id='word_1_457' title='bbox 770 3057 970 3095; x_wconf 74' lang='lat' dir='ltr'>catholicis,</span> <span class='ocrx_word' id='word_1_458' title='bbox 1007 3056 1084 3099; x_wconf 83' lang='lat' dir='ltr'>ipsc</span> <span class='ocrx_word' id='word_1_459' title='bbox 1112 3068 1253 3098; x_wconf 80' lang='lat' dir='ltr'>quoque</span> <span class='ocrx_word' id='word_1_460' title='bbox 1281 3067 1423 3098; x_wconf 83' lang='lat' dir='ltr'>semper</span> <span class='ocrx_word' id='word_1_461' title='bbox 1449 3054 1660 3089; x_wconf 74' lang='lat' dir='ltr'>catholicus.</span> <span class='ocrx_word' id='word_1_462' title='bbox 1712 3053 1841 3087; x_wconf 74' lang='grc'><strong>,1110110-</strong></span> 
     </span>
     <span class='ocr_line' id='line_1_45' title="bbox 46 3107 1841 3155; baseline -0.001 -12"><span class='ocrx_word' id='word_1_463' title='bbox 46 3111 122 3144; x_wconf 81' lang='lat' dir='ltr'>auit</span> <span class='ocrx_word' id='word_1_464' title='bbox 158 3110 326 3155; x_wconf 76' lang='lat' dir='ltr'>Logicam</span> <span class='ocrx_word' id='word_1_465' title='bbox 363 3111 556 3155; x_wconf 86' lang='lat' dir='ltr'>Monachij.</span> <span class='ocrx_word' id='word_1_466' title='bbox 609 3112 801 3145; x_wconf 82' lang='lat' dir='ltr'>Promotus</span> <span class='ocrx_word' id='word_1_467' title='bbox 837 3122 857 3144; x_wconf 80' lang='lat' dir='ltr'>a</span> <span class='ocrx_word' id='word_1_468' title='bbox 884 3110 923 3144; x_wconf 87' lang='lat' dir='ltr'>P.</span> <span class='ocrx_word' id='word_1_469' title='bbox 953 3110 1095 3143; x_wconf 63' lang='lat' dir='ltr'>Simone</span> <span class='ocrx_word' id='word_1_470' title='bbox 1132 3112 1168 3143; x_wconf 87' lang='lat' dir='ltr'>et</span> <span class='ocrx_word' id='word_1_471' title='bbox 1206 3109 1374 3143; x_wconf 82' lang='lat' dir='ltr'>Patribus</span> <span class='ocrx_word' id='word_1_472' title='bbox 1402 3107 1602 3151; x_wconf 43' lang='lat' dir='ltr'>eanisijsff</span> <span class='ocrx_word' id='word_1_473' title='bbox 1641 3107 1841 3144; x_wconf 72' lang='grc' dir='ltr'><strong>(“0(1,,Α]1.</strong></span> 
     </span>
     <span class='ocr_line' id='line_1_46' title="bbox 46 3161 1841 3208; baseline -0.002 -11"><span class='ocrx_word' id='word_1_474' title='bbox 46 3164 126 3199; x_wconf 89' lang='lat' dir='ltr'>coll.</span> <span class='ocrx_word' id='word_1_475' title='bbox 155 3165 286 3208; x_wconf 55' lang='lat' dir='ltr'>germf</span> <span class='ocrx_word' id='word_1_476' title='bbox 326 3177 359 3208; x_wconf 92' lang='lat' dir='ltr'>p.</span> <span class='ocrx_word' id='word_1_477' title='bbox 390 3166 469 3199; x_wconf 79' lang='lat'>178.</span> <span class='ocrx_word' id='word_1_478' title='bbox 527 3165 660 3198; x_wconf 80' lang='lat' dir='ltr'>Eratne</span> <span class='ocrx_word' id='word_1_479' title='bbox 697 3165 728 3198; x_wconf 88' lang='lat' dir='ltr'>is</span> <span class='ocrx_word' id='word_1_480' title='bbox 763 3164 861 3198; x_wconf 85' lang='lat' dir='ltr'>filius</span> <span class='ocrx_word' id='word_1_481' title='bbox 898 3163 1046 3197; x_wconf 78' lang='lat' dir='ltr'>(ierardi</span> <span class='ocrx_word' id='word_1_482' title='bbox 1086 3163 1208 3198; x_wconf 77' lang='lat' dir='ltr'>Kanis.</span> <span class='ocrx_word' id='word_1_483' title='bbox 1247 3163 1305 3205; x_wconf 83' lang='lat' dir='ltr'>qui</span> <span class='ocrx_word' id='word_1_484' title='bbox 1347 3162 1440 3195; x_wconf 79' lang='lat' dir='ltr'>Petri</span> <span class='ocrx_word' id='word_1_485' title='bbox 1477 3161 1609 3195; x_wconf 50' lang='lat' dir='ltr'>(fanis-ii</span> <span class='ocrx_word' id='word_1_486' title='bbox 1650 3162 1761 3194; x_wconf 60' lang='lat' dir='ltr'>frater</span> <span class='ocrx_word' id='word_1_487' title='bbox 1797 3173 1841 3194; x_wconf 76' lang='lat' dir='ltr'>ex</span> 
     </span>
     <span class='ocr_line' id='line_1_47' title="bbox 45 3221 281 3262; baseline 0.004 -10"><span class='ocrx_word' id='word_1_488' title='bbox 45 3221 147 3262; x_wconf 77' lang='lat' dir='ltr'>patre</span> <span class='ocrx_word' id='word_1_489' title='bbox 174 3222 249 3252; x_wconf 78' lang='lat' dir='ltr'>erat</span> <span class='ocrx_word' id='word_1_490' title='bbox 263 3222 281 3253; x_wconf 69' lang='grc' dir='ltr'>ζ)</span> 
     </span>
    </p>
   </div>
  </div>
 </body>
</html>
