2073 3510
544 203 720 247 Friburgo
750 202 1001 236 Helvetiorum
1029 215 1074 236 m.
1097 202 1263 236 Ianuario
1292 203 1394 236 1:391.
1786 204 1872 245 323

0 325 23 396 :l
68 330 195 376 anxie
228 329 445 372 discutere
482 325 765 381 vtplurimum
800 324 1146 379 supersedemus.
1207 324 1287 366 Sat
1319 323 1430 365 enim
1466 324 1688 375 habemus,
1737 339 1876 380 pauca

0 400 22 456 j
65 400 110 442 et
152 394 388 452 praecipua
433 392 658 435 doctrinae
704 390 914 433 salutaris
959 389 1106 445 capita
1151 404 1204 431 cx
1253 389 1488 444 propositis
1534 391 1873 444 Euangeliorum

0 460 22 535 'l
66 461 323 507 lectionibus
357 474 607 515 excerpere,
648 472 785 512 eaque
820 456 898 499 ad¹¹
932 455 1230 498 meditandum
1265 456 1391 497 simul
1427 458 1471 498 et
1504 457 1766 511 precandum
1803 472 1875 499 ac-

0 717 21 791 ,2

0 550 2 578 τ
18 540 21 600 !

18 609 21 655 ι

17 676 21 711 Ξ

66 527 373 573 commodare:
399 528 448 568 vt
481 525 515 567 si
549 540 634 567 non
669 523 822 574 doctis,
858 523 1015 565 saltem
1050 521 1174 563 bonis
1208 524 1253 564 et
1286 521 1481 564 candidis
1514 523 1766 565 Lectoribus
1799 538 1876 578 pro

66 597 217 639 nostra
258 592 475 636 tenuitate
518 591 809 641 consulamus,
854 604 994 643 neque
1027 591 1117 631 tam
1153 587 1207 629 ad
1252 587 1520 630 intellectum
1556 588 1875 639 illustrandum,

68 676 196 717 quam
230 660 284 702 ad
319 660 503 701 affectus
545 657 748 712 religiose
791 655 1075 699 concitandos
1117 653 1160 696 in
1193 653 1380 696 medium
1416 653 1577 707 aliquid
1613 656 1875 698 adferamus.

67 726 286 782 Siquidem
330 740 400 767 res
439 724 534 779 ipsa
573 723 778 778 loquitur,
823 721 951 764 nimis
984 736 1135 763 veram
1170 734 1265 761 esse
1300 719 1535 761 multorum
1571 722 1790 774 querelam
1827 722 1879 764 (le

16 809 21 828 ν
67 807 236 837 summa
283 792 436 834 horum
485 790 838 832 exulceratorum
888 791 1135 842 temporum
1184 785 1439 839 iniquitate,
1495 785 1650 839 quibus
1699 787 1876 842 antiqua

16 862 20 896 ἕ
69 859 424 903 Orthodoxorum
447 856 589 912 pietas
622 856 665 898 in
688 855 974 911 plurimorum
1009 852 1166 895 animis
1190 852 1258 894 vel
1293 851 1408 893 iacet
1432 851 1642 902 extincta,
1679 853 1744 894 vel
1773 854 1881 895 adeo

69 925 239 981 quidem
282 923 469 973 refrixit,
514 925 564 966 vt
606 923 660 965 ad
703 922 899 976 vigorem
943 919 1117 976 pristini
1161 918 1291 972 officij
1337 918 1412 960 vix
1457 918 1708 960 resuscitari
1754 934 1881 974 posse

69 991 281 1034 videatur.
333 989 484 1032 Multis
518 988 652 1043 igitur
686 991 731 1031 et
763 986 1015 1042 ingentibus
1042 984 1231 1028 stimulis
1264 983 1523 1038 indigemus,
1560 987 1608 1027 vt
1642 985 1882 1027 communis

69 1057 140 1100 ille
182 1059 307 1112 tepor
351 1070 401 1098 ac
443 1058 616 1111 torpor,
665 1054 737 1109 qui
779 1056 955 1096 nostros
998 1051 1165 1095 animos
1211 1050 1467 1106 iampridem
1512 1051 1639 1092 foede
1683 1054 1880 1106 occupat,

70 1122 249 1166 subinde
283 1121 558 1172 discutiatur,
603 1124 737 1176 vtque
779 1120 894 1162 falsa
938 1118 1100 1161 reiecta
1143 1117 1397 1167 securitate,
1443 1132 1554 1171 quae
1588 1117 1710 1160 fundi
1744 1117 1880 1160 nostri

70 1191 139 1233 est
171 1188 414 1239 calamitas,
460 1188 513 1230 ad
557 1188 749 1230 diuinum
792 1186 995 1229 timorem
1038 1187 1083 1227 et
1116 1198 1308 1227 amorem
1352 1183 1395 1226 in
1429 1183 1593 1226 nostris
1627 1183 1782 1225 animis
1816 1199 1883 1226 re-

70 1255 317 1298 nouandum
340 1255 607 1311 postliminio
633 1254 874 1303 redeamus,
909 1267 963 1295 ne
997 1251 1189 1306 alioquin
1222 1250 1265 1293 in
1298 1251 1381 1292 hac
1416 1251 1537 1293 velut
1569 1251 1714 1305 longa,
1751 1266 1881 1293 saeua

71 1325 117 1365 et
148 1321 319 1376 rigente
352 1337 533 1377 prorsus
566 1322 735 1376 hyeme,
772 1334 883 1375 quae
917 1334 1073 1374 agrum
1105 1320 1303 1360 nostrum
1340 1317 1570 1359 informem
1605 1332 1656 1359 ac
1690 1317 1882 1359 sterilem

72 1387 218 1439 efficit,
253 1390 345 1430 tam
369 1387 440 1430 diu
464 1388 645 1430 haerere
669 1390 714 1430 et
736 1386 900 1440 frigere
912 1385 926 1405 ''
949 1399 1197 1441 pergamus.
1232 1383 1424 1426 Nimium
1449 1386 1518 1426 est
1540 1398 1645 1426 sane
1669 1383 1882 1439 stupidus.

73 1454 144 1510 qui
166 1469 253 1497 non
275 1454 497 1509 intelligit,
523 1453 683 1496 Christi
702 1451 956 1495 vaticinium
983 1451 1037 1493 ad
1060 1451 1169 1493 haec
1192 1452 1345 1493 nostra
1371 1452 1415 1491 et
1438 1452 1661 1504 postrema
1684 1452 1881 1505 tempora

15 1518 19 1526 '
72 1521 304 1578 pertinere.
355 1520 519 1563 Multi
553 1519 1111 1576 pseudoprophetae,
1147 1517 1300 1571 inquit,
1337 1519 1597 1569 surgent,
1643 1519 1697 1558 et
1729 1517 1884 1559 sedu-

14 1593 18 1602 ’
74 1590 200 1630 cent
232 1587 461 1638 multos,
498 1590 551 1629 et
585 1586 843 1641 quoniam
878 1584 1193 1627 abundabit
1225 1582 1527 1637 iniquitas,
1566 1582 1885 1637 refrigescet

75 1653 331 1697 charitas
372 1654 685 1696 multorum.
737 1651 835 1703 Qui
879 1653 1060 1693 autem
1105 1648 1576 1705 perseuerauerit
1619 1663 1791 1702 Vsque
1835 1648 1885 1690 in

77 1719 268 1770 finem,
313 1719 400 1761 hic
443 1719 637 1761 saluus
680 1718 831 1760 erit¹.
898 1717 991 1759 Nec
1025 1715 1229 1758 dissentit
1263 1714 1515 1770 Apostolus,
1560 1714 1681 1756 cuius
1715 1715 1884 1769 quidem

77 1785 339 1829 sententiam
374 1785 512 1828 indies
544 1784 686 1839 magis
720 1799 770 1826 ac
803 1783 945 1837 magis
980 1782 1176 1825 videmus
1210 1780 1392 1836 impleri.
1460 1781 1515 1822 ln
1559 1781 1887 1823 nouissimis

78 1851 295 1902 diebus,
341 1851 416 1901 ait,
460 1851 761 1894 instabunt
803 1852 1057 1904 tempora
1099 1847 1446 1903 periculosa.
1496 1850 1540 1889 et
1582 1850 1757 1889 erunt
1802 1848 1887 1889 ho-

13 1917 16 1926 '
78 1918 241 1961 mines
274 1918 496 1973 seipsos
530 1920 806 1960 amantes:
842 1916 1119 1958 habentes
1153 1914 1355 1969 quidem
1392 1913 1617 1968 speciem
1650 1913 1885 1969 pietatis.

78 1984 350 2027 virtutem
385 1986 566 2026 autem
602 1982 720 2025 eius
754 1982 1146 2037 abnegantes2,
1183 1983 1232 2023 vt
1265 1982 1442 2022 caetera
1476 1982 1765 2035 praeteream.

198 2050 351 2105 Igitur,
387 2052 435 2092 vt
459 2050 571 2092 vnde
595 2048 788 2099 deflexit,
825 2064 874 2091 eo
908 2049 1060 2091 redeat
1084 2047 1238 2097 oratio,
1274 2060 1433 2101 operae
1457 2046 1643 2101 pretium
1668 2047 1889 2088 facturus‘¹

81 2116 280 2167 videbar,
327 2116 363 2158 si
406 2116 615 2158 eiusmodi
658 2115 1000 2170 Euangeliorum
1047 2113 1328 2163 lectionibus,
1377 2127 1488 2167 quae
1534 2112 1743 2167 singulari
1790 2113 1890 2154 DEI

80 2183 235 2239 spiritu
268 2183 458 2225 selectae
492 2185 624 2236 atque
659 2182 869 2237 digestae,
905 2181 1038 2223 toties
1072 2180 1115 2222 in
1138 2179 1336 2222 Ecclesia
1371 2181 1642 2234 repetuntur,
1679 2179 1887 2232 quasdam

80 2252 208 2292 notas
242 2249 547 2291 adscriberem.
598 2249 767 2291 Harum
800 2263 905 2290 vero
939 2262 1065 2289 vsum
1107 2249 1152 2289 et
1193 2246 1383 2288 fructum
1425 2245 1467 2287 in
1501 2260 1551 2287 eo
1585 2245 1797 2300 ponimus.
1844 2249 1891 2287 vt

81 2315 117 2358 si
145 2314 239 2357 fieri
262 2318 407 2369 queat,
443 2315 565 2357 velut
587 2314 827 2357 surdastris
851 2313 1110 2356 vellicentur
1134 2327 1274 2363 aures,
1311 2316 1355 2355 et
1378 2311 1716 2354 dormitantibus
1740 2314 1891 2366 torpor

82 2381 344 2432 excutiatur,
388 2381 662 2436 frigidaeque
695 2383 864 2423 mentes
898 2379 1180 2431 incalescant,
1226 2393 1276 2421 ac
1310 2379 1481 2420 demum
1526 2377 1657 2420 ociosi
1691 2378 1891 2432 maleque

84 2447 228 2490 feriati
260 2447 457 2489 homines
491 2447 545 2489 ad
579 2462 703 2489 suum
733 2446 934 2497 officium,
971 2446 1085 2500 quod
1109 2445 1281 2487 Christo
1306 2444 1617 2498 Ecclesiaeque
1641 2443 1892 2499 cumprimis

83 2514 254 2564 debent,
279 2513 457 2569 propius
476 2516 749 2563 reuocentur,
774 2512 1051 2566 maximeque
1070 2512 1124 2554 ad
1140 2511 1345 2567 precandi
1366 2514 1409 2553 et
1427 2510 1665 2553 meditandi
1686 2510 1890 2553 studium.

84 2580 196 2635 quod
229 2580 356 2622 modo
390 2579 566 2635 passim,
612 2582 656 2622 et
689 2578 878 2634 turpiter
911 2578 1084 2633 quidem
1117 2578 1366 2632 neglectum
1402 2576 1630 2619 cernimus.
1666 2576 1807 2631 magis
1842 2592 1891 2618 ac

84 2646 224 2701 magis
267 2646 517 2688 assuefiant.
584 2644 682 2687 Etsi
716 2645 829 2687 enim
873 2645 1117 2699 complures
1160 2644 1287 2686 hodie
1330 2643 1586 2699 reperimus,
1632 2643 1703 2697 qui
1737 2642 1891 2685 matris

84 2711 308 2754 Ecclesiae
342 2711 660 2766 praescriptum
695 2714 739 2753 et
773 2710 965 2753 ordinem
1010 2710 1051 2752 in
1085 2710 1152 2752 his
1192 2710 1297 2765 ipsis
1331 2709 1589 2752 lectionibus
1622 2710 1807 2764 probent
1842 2724 1891 2749 ac

86 2781 263 2821 seruent
288 2794 295 2820 :
320 2780 469 2820 tamen
493 2777 565 2831 qui
597 2779 676 2819 fiat
698 2776 857 2827 nescio,
893 2779 942 2819 vt
964 2776 1091 2831 pauci
1116 2777 1169 2819 ad
1194 2777 1332 2819 festos
1356 2776 1447 2818 dies
1471 2774 1892 2828 Ecclesiasticosqiw

87 2843 197 2887 ritus
215 2844 404 2886 animum
424 2843 536 2885 serio
556 2842 788 2898 applicent,
825 2845 959 2896 vtque
978 2857 1285 2897 germanorum
1308 2841 1492 2883 filiorum
1519 2841 1670 2882 instar.
1706 2840 1892 2882 sanctis-

89 2910 224 2953 simae
256 2909 453 2965 parentis
486 2924 640 2950 sensus
680 2911 724 2950 et
763 2909 947 2950 affectus
981 2907 1232 2962 spirituales
1265 2907 1461 2950 induant.
1508 2905 1677 2960 illisque
1710 2919 1893 2959 syncer<¹

90 2990 140 3018 ac
171 2975 241 3031 pie
264 2975 549 3018 delectentur.
598 2975 711 3017 Nam
737 2975 849 3029 quod
883 2974 968 3016 iam
993 2974 1094 3016 olim
1119 2974 1285 3015 Galliae
1309 2974 1453 3015 lumen
1478 2975 1522 3015 et
1545 2972 1675 3014 decus
1698 2971 1894 3013 Hilarius

91 3041 142 3084 de
176 3041 265 3083 suis
299 3041 465 3083 ciuibus
499 3044 566 3083 est
600 3043 793 3095 questus,
839 3040 880 3082 in
923 3043 1098 3082 nostros
1142 3054 1311 3093 quoque
1345 3038 1592 3081 Catholicos
1634 3038 1715 3079 ho<-
1749 3037 1894 3079 seculo

211 3144 239 3167 a)
260 3138 294 3162 1η
317 3138 352 3162 B.
377 3138 516 3161 l'rlul'm'tm
536 3137 604 3161 huia·
625 3145 649 3161 r.
672 3137 792 3160 addidit
817 3145 838 3160 ιη
864 3135 1042 3160 ‹lormidunr
1123 3134 1152 3163 b)
1173 3134 1201 3159 et
1224 3133 1398 3164 infrugiseri
1422 3142 1489 3156 vssn-
1511 3134 1544 3157 ΙΙ.
1636 3143 1661 3154 ν’
1702 3140 1811 3164 culn-ra·-
1834 3133 1894 3157 faa·-

92 3178 178 3203 turus
199 3178 330 3211 pretium
352 3180 387 3203 Β.

216 3257 222 3275 ¹
252 3258 306 3291 Mt
333 3258 388 3297 24,
419 3259 456 3290 11
517 3258 568 3291 13.
719 3258 730 3274 ’-’
758 3258 778 3289 2
802 3256 880 3289 Tim
910 3258 942 3288 53.
977 3257 985 3288 l
1020 3258 1040 3288 2
1068 3256 1098 3288 ἴ).
