2073 3510
223 151 286 172 xvi
778 133 821 167 11.
851 132 1076 166 Prooemium
1105 132 1299 166 voluminis
1326 132 1456 166 octavi.

346 256 420 297 ΠΙ.
456 255 575 296 Inter
609 253 819 308 epistulas
862 256 993 295 antea
1034 253 1223 295 nondum
1266 253 1407 295 editas
1452 252 1766 307 plurimum
1812 251 2020 292 valent

222 322 412 370 litterae,
448 334 557 374 quas
590 318 704 361 inter
737 332 783 360 se
817 318 1029 360 dederunt
1052 318 1239 361 Sanctus
1262 318 1441 360 Carolus
1465 319 1755 359 Borromaeus
1789 315 2021 358 cardinalis

224 385 662 440 archiepiscopusque
703 384 1038 426 mediolanensis
1081 388 1124 426 et
1157 384 1366 433 Canisius.
1411 384 1514 425 item
1546 383 1732 425 Ioannes
1764 381 2022 424 Franciscus

224 451 491 493 Bonhomius
534 451 761 505 episcopus
803 450 1083 492 vercellensis
1124 449 1387 503 nuntiusque
1430 448 1695 503 apostolicus
1735 451 1779 490 et
1812 447 2019 490 Canisius.

224 518 416 567 Quarum
451 516 560 558 alias
592 516 770 563 Romae,
807 516 916 557 alias
950 515 1196 565 Mediolani,
1239 515 1348 557 alias
1381 515 1495 569 apud
1530 515 1793 556 Societatem
1827 516 2022 555 nostram

224 583 409 637 repperi.
469 583 643 624 Novum
679 596 848 636 quoque
882 596 1042 636 magna
1076 596 1130 623 ex
1164 584 1290 635 parte
1324 583 1391 622 est
1424 580 1671 622 litterarum
1705 579 2022 628 commercium,

225 648 339 703 quod
363 647 534 690 Canisio
569 651 664 690 erat
698 662 794 689 cum
827 648 988 689 Ioanne
1021 647 1178 688 Iacobo
1203 661 1227 688 a
1251 646 1373 688 Staal
1406 645 1590 700 patricio
1624 645 1896 695 solodorano,
1930 646 2024 686 viro

225 718 271 757 et
304 714 430 757 docto
466 717 510 756 et
543 714 612 768 pio
647 717 691 756 et
724 713 917 755 civitatis
952 713 1168 767 regendae
1201 711 1478 767 peritissimo.
1546 712 1580 752 Ε
1614 711 1906 753 monumentis
1939 725 2025 752 110-

226 783 349 823 tatu
394 780 729 834 dignissima
772 782 874 821 sunt
916 779 1199 833 plurimarum
1243 778 1487 820 orationum
1531 792 1755 819 sacrarum
1797 792 1821 819 a
1855 777 2025 819 Canisio

226 847 429 900 Friburgi
451 846 754 888 Helvetiorum
789 845 913 887 annis
952 847 1243 886 mse—msa
1276 844 1525 886 habitarum
1560 843 1885 893 commentaria,
1921 857 2026 897 quo-

228 928 322 954 rum
358 913 443 954 alia
477 911 674 954 Canisius
708 926 785 953 sua
819 926 949 952 manu
983 911 1171 965 scripsit.
1214 910 1299 952 alia
1333 909 1528 953 dictavit.
1571 908 1838 963 recognovit,
1874 908 2027 963 ampli-

226 979 387 1021 ficavit.
440 979 592 1032 Neque
626 980 773 1019 tamen
797 977 876 1018 1135
901 976 1125 1018 contiones
1147 976 1216 1018 hic
1240 976 1363 1031 posui
1388 990 1558 1018 omnes:
1593 976 1675 1017 hae
1709 976 1822 1017 enim
1855 975 2028 1029 integra

228 1044 461 1099 implerent
503 1043 745 1093 volumina⁷
790 1056 929 1096 neque
973 1057 996 1084 a
1041 1042 1211 1084 Canisio
1254 1042 1375 1097 prelo
1418 1045 1601 1097 paratae
1644 1044 1758 1083 sunt.
1825 1040 2028 1095 Singulas

228 1114 376 1153 tamen
424 1112 527 1152 noto
577 1110 818 1152 orationes.
871 1109 1089 1158 addendo.
1141 1109 1312 1162 quando
1363 1108 1517 1162 quibus
1560 1108 1611 1150 (le
1661 1108 1790 1150 rebus
1833 1106 2029 1149 Canisius

228 1176 402 1219 dixerit.
453 1176 689 1218 Praeterea
719 1175 772 1216 ad
806 1175 986 1216 verbum
1009 1190 1121 1229 pono
1149 1175 1267 1217 locos
1295 1175 1390 1216 illos
1423 1175 1514 1216 sive
1547 1176 1702 1216 breves
1736 1175 1828 1216 sive
1860 1173 2027 1228 longOS,

230 1243 303 1296 qui
326 1242 380 1283 ad
404 1256 559 1284 mores.
586 1240 869 1295 disciplinam.
899 1241 977 1283 ius.
1013 1241 1236 1294 liturgiam
1261 1241 1375 1282 illius
1398 1242 1607 1295 temporis
1632 1240 1699 1281 vel
1724 1240 1777 1282 ad
1802 1240 2028 1282 rationem.

230 1322 315 1362 qua
359 1306 555 1349 (anisius
598 1306 740 1348 (licere
783 1306 964 1347 solebat.
1011 1306 1269 1348 illustranda
1315 1306 1462 1348 valere
1504 1306 1720 1348 videntur.
1788 1305 1905 1347 Idem
1947 1304 2029 1346 feci

230 1374 283 1415 (le
316 1373 521 1415 brevibus
556 1371 824 1414 orationibus
859 1372 912 1413 ad
946 1372 1062 1413 solos
1096 1372 1265 1426 collegii
1299 1372 1587 1426 friburgensis
1622 1372 1769 1414 Socios
1803 1386 1827 1413 a
1861 1370 2030 1413 Canisio

231 1439 441 1482 mandatu
465 1438 735 1493 superiorum
769 1437 948 1492 pietatis
982 1438 1242 1479 excitandae
1275 1438 1419 1492 gratia
1443 1438 1616 1480 habitis.
1673 1438 1836 1480 Multas
1860 1436 2031 1491 quidem

232 1521 381 1548 earum
423 1505 509 1546 iam
553 1504 750 1546 ediderat
797 1506 1005 1559 (iem-qius
1050 1505 1265 1545 Schlossm·
1298 1505 1337 1547 S.
1367 1504 1405 1546 J.
1451 1504 1493 1545 111
1535 1504 1680 1546 libello
1721 1503 1871 1547 ..Beati
1913 1502 2031 1544 Petri

232 1572 392 1614 Canisii
411 1571 756 1612 Exhortationes
781 1569 1069 1612 domesticae'·
1096 1570 1444 1619 (Ruraemumlae
1468 1571 1615 1615 isffllz
1640 1570 1715 1612 sed
1738 1569 1900 1611 multas
1923 1568 2032 1610 alias

232 1638 304 1680 ille
337 1652 423 1679 non
456 1637 614 1692 posuit,
651 1639 695 1678 et
729 1650 890 1679 earum.
927 1651 1035 1689 quas
1059 1636 1216 1690 posuit.
1253 1636 1434 1690 aliquas,
1470 1636 1605 1678 salvis
1639 1638 1767 1678 rebus
1801 1635 1917 1690 ipsis.
1953 1635 2031 1676 iui-

232 1704 422 1746 mutavit
456 1704 590 1745 verba
624 1702 878 1745 omittendo.
915 1702 1125 1753 addendo,
1161 1703 1439 1756 seiungendo.

354 1776 426 1817 IV.
464 1776 624 1816 Eorum
669 1774 739 1829 qui
783 1774 994 1829 epistulas
1037 1774 1106 1816 vel
1149 1790 1172 1816 a
1208 1775 1377 1816 (ssanisio
1423 1778 1684 1830 aeceperunt
1727 1774 1794 1817 vel
1839 1773 1893 1815 ad
1936 1787 2033 1815 eum

233 1842 459 1884 dederunt.
497 1841 789 1896 praecipui
824 1843 924 1882 511111
959 1841 1023 1882 111;
1061 1843 1247 1883 Sanctus
1271 1841 1451 1882 (¹arolus
1476 1842 1766 1883 Bsu‘roniaeus
1801 1839 2034 1882 cardinalis

234 1908 673 1962 archiepiscopusque
725 1906 1082 1957 medisssanensiS,
1137 1909 1325 1949 Sanctus
1374 1907 1630 1949 Franciscus
1674 1906 1865 1948 Salesius
1907 1919 2033 1961 prae-

235 1973 403 2029 positus
446 1974 615 2028 (postea
658 1972 899 2027 episcopus)
944 1974 1254 2027 gebennensis.
1304 1974 1438 2015 Serva
1474 1974 1552 2015 Dei
1588 1973 1849 2027 Magdalena
1893 1972 2033 2014 archi-

235 2039 405 2082 ducissa
432 2039 650 2081 Austriae.
676 2039 954 2081 Ptolemaeus
971 2039 1137 2081 Gallius
1156 2039 1389 2081 cardinalis
1405 2042 1415 2077 (
1429 2039 1626 2081 'oniensis
1645 2042 1686 2081 et
1705 2038 1902 2092 (firegorii
1918 2037 2032 2079 XIII.

235 2106 500 2147 secretarius
534 2105 683 2154 maior.
721 2105 975 2146 Guilielmus
1010 2104 1194 2147 Sirletus
1228 2105 1461 2147 cardinalis
1495 2108 1537 2147 et
1566 2105 1788 2147 Rmnanae
1812 2103 2035 2146 Ecclesiae

235 2171 605 2222 bibliothecarius,
650 2172 834 2213 Ioannes
877 2171 1136 2213 Franciseus
1179 2171 1443 2213 Bonhoniius
1487 2170 1714 2225 episeopus
1757 2169 2036 2212 vercellensis

236 2241 281 2279 et
315 2237 580 2292 3110510110115
624 2237 665 2278 111
698 2236 917 2287 Helvetia,
955 2237 1199 2279 Germania.
1236 2236 1388 2291 Belgio
1421 2236 1612 2286 nuntius,
1658 2236 1868 2278 Octavius
1902 2236 2036 2277 Para-

239 2303 403 2345 vicinus
453 2303 680 2358 episcopus
730 2303 1040 2345 alexandrinus
1094 2306 1137 2345 et
1186 2303 1364 2345 nuntius
1417 2303 1682 2357 apostolicus
1730 2303 1772 2344 in
1816 2301 2034 2344 Helvetia.

241 2370 461 2424 Philippus
486 2369 701 2411 Bavariae
735 2370 936 2424 princeps
970 2372 1013 2411 et
1047 2369 1274 2424 episeopus
1308 2370 1508 2424 princeps
1543 2368 1869 2414 ratisbonensis,
1904 2368 2037 2410 Iulius

239 2435 401 2477 Eehter
425 2450 449 2477 a
468 2435 777 2489 Mespelbrunn
801 2434 1028 2489 episcopus
1053 2435 1252 2490 princeps
1275 2434 1601 2489 herbipolensis.
1641 2435 1821 2476 loannes
1844 2434 2037 2476 Christo-

240 2501 400 2555 pborus
429 2501 581 2542 Blarer
605 2516 627 2542 3
654 2501 914 2542 Wartensee
949 2502 1176 2556 episeopus
1209 2502 1409 2556 princeps
1442 2500 1708 2543 basileensis.
1744 2500 2038 2554 Hieronymus

242 2566 559 2609 Hosdraeevius
593 2567 820 2621 episcopus
855 2566 1216 2610 vladislaviensis.
1261 2566 1464 2608 Claudius
1498 2567 1729 2621 Aquaviva
1763 2565 2038 2621 praepositus

240 2633 457 2687 generalis
492 2632 725 2674 Societatis
762 2633 867 2675 lesu.
919 2633 1070 2674 l‘etrus
1105 2634 1335 2687 Scbuewly
1377 2633 1564 2674 vicarius
1598 2633 1815 2685 generalis
1848 2632 2035 2687 episcopi

240 2698 543 2741 lausannensis
586 2702 629 2740 et
664 2699 940 2753 praepositus
974 2700 1273 2753 l'riburgeusis.
1310 2699 1593 2740 Sebastianus
1634 2699 1783 2739 Werro
1823 2698 2038 2753 parochus

240 2765 559 2817 canonicusque
594 2764 758 2818 (postea
802 2764 1091 2818 praepositus)
1125 2765 1425 2817 friburgensis.
1471 2764 1675 2805 Meleliior
1709 2765 1878 2817 Zanger
1912 2778 2037 2818 prae-

240 2830 410 2885 positus
453 2830 717 2883 ehinganus.
764 2830 901 2871 Maria
945 2830 1148 2871 lacobaea
1187 2845 1208 2871 a
1245 2830 1454 2871 Sulzbaeb
1500 2829 1720 2871 abbatissa
1756 2829 2036 2883 seelzingana.

246 2896 540 2938 1·’1’1·1111131111115
581 2895 789 2937 archidux
826 2895 1070 2950 8111131111111λ
1105 2896 1305 2950 princeps
1339 2899 1504 2950 (postea
1542 2895 1839 2937 Ferdiuainlus
1875 2895 1923 2936 11.
1959 2895 2038 2936 1111-

243 2962 447 3016 perator).
487 2961 807 3002 ll‘laxiuiilianus
832 2961 861 3002 I.
887 2961 973 3002 (lux
1004 2961 1214 3002 1131111131ι
1239 2964 1403 3015 (postea
1436 2961 1598 3015 imperii
1626 2962 1824 3015 princeps
1847 2961 2037 3006 elect-orl.

243 3027 497 3069 (wilielmus
526 3028 571 3068 V.
609 3027 694 3068 (lux
723 3027 948 3070 Bavariae.
991 3027 1229 3068 luulovicus
1263 3028 1316 3068 ab
1343 3028 1464 3080 Ml'ry
1501 3030 1541 3068 1·1
1580 3027 1759 3068 [oannes
1791 3041 1813 3067 a
1851 3027 2038 3067 113111011-

245 3093 354 3134 lleid
399 3096 443 3134 et
479 3094 659 3134 Ioannes
696 3092 827 3134 Meier
872 3096 1095 3147 praetores
1140 3093 1399 3147 reipublicae
1440 3092 1737 3145 friburgensis.
1787 3091 2039 3133 1⁴'ranciscus

249 3160 410 3213 l'l'yli'er
436 3163 611 3213 praetor
636 3159 913 3202 lurerueusis.
951 3159 1198 3213 Stephanus
1223 3159 1460 3201 Srbwaller
1493 3162 1537 3200 et
1565 3157 1819 3199 Laurentius
1846 3157 2039 3198 Aret-ker
