2073 3510
563 195 734 238 Friburgo
765 195 1012 229 Helvetiorum
1045 197 1073 229 Ῑ.
1099 197 1250 230 Ianuarii
1286 198 1382 231 1591.
1785 202 1873 241 3319

5 341 13 367 e
68 319 259 374 relinqui.
306 319 447 373 quoad
491 318 582 360 eius
626 317 715 359 11611
760 320 914 370 queat.
963 320 1008 359 ut
1051 317 1160 359 alias
1202 318 1374 360 interim
1422 319 1612 361 rationes
1656 321 1870 363 omittam.

5 425 11 439 ,
66 388 110 430 P.
135 386 186 428 V.
222 384 448 437 sacrificijs
483 399 532 425 ac
566 382 766 438 precibus
812 385 1063 424 reuerenter
1106 384 1359 425 conunendo
1400 385 1603 427 miserum
1638 387 1871 429 Heluetiae

2 469 11 498 ε4
63 456 240 496 statum.
285 450 474 493 maxime
518 451 570 492 ob
618 449 816 491 lallicum
852 449 1025 494 1161111111,
1071 464 1231 503 graues
1275 450 1515 492 111111110111111
1560 452 1873 494 distractiones

64 519 276 568 adferens,
313 521 357 560 et
390 516 637 559 Catholicos
671 531 841 570 quoque
875 517 1151 571 perturbans,
1187 516 1286 557 dum
1323 516 1394 570 alij
1422 518 1561 571 Regij.
1598 519 1669 572 alij
1698 520 1871 561 Nauar-

65 584 153 628 raei
177 599 272 626 esse
296 583 566 626 contendunt
584 584 607 633 ¹,
644 585 688 624 et
710 582 873 624 mutuis
907 581 1081 624 interim
1117 581 1227 635 odijs
1262 582 1374 624 inter
1409 598 1454 623 se
1479 584 1618 638 magis
1643 585 1871 639 magifflue

62 652 328 694 concertant.
398 649 607 703 Equidem
652 648 776 704 cupio
821 649 961 690 adhuc
1004 647 1123 689 illam
1166 648 1290 690 nobis
1333 664 1358 690 a
1399 650 1489 690 Deo
1534 653 1577 692 et
1616 651 1656 692 l’.
1683 651 1729 693 Ψ,
1776 652 1868 693 dari

0 719 4 723 ’
62 717 263 773 gratiam}
290 720 337 759 ut
360 716 518 758 missus
542 715 760 758 Visitator
782 731 868 757 non
892 715 1032 757 solum
1055 714 1320 758 Heluetiam.
1357 716 1432 757 sed
1457 715 1673 770 integram
1700 733 1873 771 quoque

61 782 323 839 prouintiam
357 785 554 824 nostram
588 781 762 829 1111115111,
808 781 1022 835 simulque
1055 780 1154 823 111116
1194 780 1381 835 frigidae
1418 782 1676 824 Germaniae
1710 799 1867 825 nouum

0 844 3 850 ⁸
61 850 248 892 calorem
291 848 458 903 inijciat
501 849 555 890 ad
598 851 848 890 nostrorum
891 848 1048 890 saltem
1093 847 1260 889 animos
1304 850 1348 889 et
1389 847 1694 890 1111111111111111105
1729 852 1772 890 et
1806 849 1873 890 111-

0 913 3 927 *
60 915 346 958 flammandos
380 914 423 956 in
456 915 536 956 hoc
572 914 787 956 instituto.
854 913 972 955 Nihil
1008 913 1148 955 dicam
1183 914 1235 955 de
1270 928 1400 968 opere
1433 929 1558 961 nouo.
1602 915 1715 968 quod
1749 915 1867 956 breui

14 1001 17 1015 ³
61 982 334 1026 absoluetur.
383 984 428 1023 et
470 996 493 1023 a
538 980 654 1023 notis
697 979 977 1034 Euangelicis
1022 979 1296 1024 inscribitur.
1345 980 1595 1035 propediem
1642 980 1684 1021 111
1730 981 1867 1022 lucem

11 1067 13 1071 ¹
64 1048 286 1090 edendum.
336 1047 515 1090 Vtinam
550 1062 653 1089 uero
677 1047 790 1089 sicut
813 1049 1076 1095 nostrorum.
1112 1046 1175 1088 ita
1209 1049 1253 1088 et
1285 1047 1331 1088 l'.
1361 1047 1409 1088 V.
1446 1049 1490 1089 et
1524 1046 1706 1088 aliorum
1742 1046 1870 1088 isthic

0 1139 2 1148 ν
60 1114 238 1156 Patrum
280 1113 437 1156 iudicio
478 1113 622 1168 aliqua
667 1128 721 1156 ex
754 1116 881 1169 parte
915 1113 1176 1156 satisfaciat.
1228 1113 1493 1155 Benedictus
1526 1112 1751 1163 Dominus,
1797 1113 1866 1167 qui

0 1179 3 1220 ².
58 1181 137 1223 has
176 1181 513 1235 qualescumque
549 1179 663 1222 uires
703 1181 757 1222 ad
796 1180 1111 1222 lucubrandum
1148 1178 1240 1221 seni
1279 1179 1620 1234 septuagenario
1659 1181 1870 1234 praebere

0 1266 2 1289 t
59 1246 277 1301 dignatur,
322 1247 397 1289 sed
432 1246 503 1300 qui
537 1247 582 1288 P.
608 1247 659 1288 V.
695 1246 897 1301 precibus
940 1245 1073 1288 etiam
1114 1248 1246 1300 atque
1280 1245 1413 1287 etiam
1447 1260 1543 1287 sese
1578 1246 1869 1288 commendat.

10 1365 11 1369 ,
178 1318 328 1361 Liceat
374 1320 553 1360 obsecro
600 1318 651 1360 de
698 1319 830 1360 Patre
875 1321 1027 1360 nostro
1070 1317 1360 1360 Prouintiali²
1407 1317 1569 1372 aliquid
1616 1317 1869 1372 adiungere.

10 1398 11 1426 1
59 1385 261 1440 quoniam
295 1386 349 1427 ad
383 1385 510 1427 huius
544 1401 714 1440 quoque
739 1385 910 1440 collegij
947 1385 1159 1428 rationem
1196 1388 1241 1427 et
1274 1385 1511 1427 utilitatem
1546 1388 1731 1440 spectat.
1782 1385 1869 1427 Jlle

3 1453 7 1474 ³
59 1452 224 1494 duobus
256 1451 324 1493 his
358 1451 483 1493 annis
515 1467 594 1493 nos
628 1451 826 1501 uisitans.
863 1466 1009 1493 coram
1034 1452 1199 1494 Senatu
1228 1454 1273 1494 et
1305 1452 1464 1506 populo
1497 1451 1563 1493 bis
1597 1454 1665 1493 est
1698 1451 1868 1506 publice

8 1558 9 1562 ,
59 1518 352 1568 concionatus,
398 1533 447 1560 ac
482 1517 609 1559 simul
643 1518 914 1563 Nauaraeos.
960 1517 1032 1572 qui
1065 1518 1146 1560 hoc
1180 1518 1274 1560 loco
1307 1518 1446 1567 multi.
1493 1521 1537 1560 et
1569 1518 1717 1572 magni
1751 1521 1865 1561 sunt.

0 1609 6 1625 1.
59 1584 203 1627 odiose
236 1584 509 1639 perstrinxit.
547 1584 616 1626 Sic
640 1587 787 1626 autem
811 1599 885 1626 eos
909 1584 1094 1639 appello.
1132 1584 1204 1638 qui
1227 1585 1458 1627 Nauarrae
1482 1584 1616 1639 Regis
1631 1584 1646 1607 ³²
1668 1584 1868 1639 partibus

0 1654 3 1658 '
58 1651 210 1693 fauent
252 1666 337 1693 non
380 1651 603 1705 religionis
647 1650 838 1705 quidem.
883 1651 959 1693 sed
1002 1651 1248 1706 praesentis
1291 1651 1392 1693 belli
1436 1651 1593 1705 gratia.
1659 1652 1867 1693 Jamuero

0 1750 2 1757 .
58 1718 225 1760 isthaec
248 1717 393 1760 Patris
417 1717 654 1760 admonitio
679 1717 741 1759 uti
765 1717 987 1772 sapientes
1011 1717 1186 1768 amicos.
1222 1717 1284 1760 ita
1319 1720 1362 1760 et
1387 1719 1622 1760 Senatores
1656 1718 1866 1771 quosdam

59 1783 249 1834 offendit⁷
285 1786 330 1826 61
362 1783 485 1826 1101115
520 1783 692 1838 quidem
735 1783 875 1826 obfuit
917 1783 960 1825 in
993 1783 1162 1826 fabrica
1196 1784 1382 1839 collegii.
1428 1799 1539 1838 quae
1572 1799 1753 1839 prorsus
1786 1784 1869 1825 hoc

4 1847 5 1851 ’
59 1865 170 1893 anno
213 1865 268 1892 ex
311 1850 503 1893 eiusdem
538 1851 726 1893 Senatus
766 1851 942 1893 decreto
983 1850 1185 1893 cessauit.
1253 1851 1395 1901 Quare
1428 1851 1474 1893 P.
1501 1851 1552 1892 V.
1588 1850 1865 1892 iudicandum

59 1917 266 1971 relinquo.
293 1917 555 1972 expediatne
574 1917 738 1959 dictum
756 1918 806 1959 R.
827 1918 1005 1960 Patrem
1029 1920 1199 1959 secreto
1224 1917 1460 1968 admoneri,
1486 1920 1535 1959 ut
1557 1917 1639 1959 sibi
1663 1916 1869 1972 deinceps

57 1987 213 2026 caueat
247 1985 300 2026 ab
334 1984 414 2025 hoc
447 1983 646 2038 publicae
677 1983 985 2026 admonitionis
1009 1998 1182 2038 genere.
1219 1999 1273 2026 ex
1308 1999 1391 2038 quo
1425 1984 1523 2039 plus
1557 1983 1702 2026 damni
1737 1998 1865 2038 quam

59 2050 270 2092 commodi
304 2049 422 2105 capit
455 2049 664 2093 Societas.
701 2052 745 2092 et
778 2049 1012 2105 sapientes.
1048 2050 1129 2092 1106
1162 2050 1422 2105 praesertim
1457 2049 1621 2092 difficili
1654 2052 1866 2104 tempore.

0 2103 2 2123 ²
57 2131 143 2158 non
185 2118 350 2158 temere
394 2115 597 2158 uidentur
640 2116 811 2158 offendi.
879 2115 1079 2171 Optarim
1113 2118 1245 2164 certe,
1289 2116 1498 2159 maiorem
1533 2117 1586 2158 ab
1619 2116 1700 2157 hoc
1732 2115 1869 2158 Patre

57 2197 233 2237 operam
276 2182 370 2225 dari
413 2185 505 2224 tum
540 2181 754 2236 Friburgi.
799 2185 893 2224 tum
930 2183 1163 2230 Lucernae.
1209 2185 1257 2224 ut
1290 2183 1575 2225 Dominorum
1615 2181 1782 2224 animos
1822 2185 1867 2224 et

56 2248 137 2291 sibi
172 2251 216 2291 et
248 2248 373 2291 nobis
407 2248 671 2291 conciliaret.
727 2249 906 2290 Habent
948 2248 1061 2290 enim
1106 2251 1150 2290 et
1184 2249 1483 2291 Lucernenses
1516 2247 1709 2299 Patroni,
1754 2262 1868 2301 quae

57 2315 108 2357 de
140 2314 214 2357 illo
249 2318 584 2369 conquerantur,
621 2315 734 2369 quod
757 2314 889 2356 messi
913 2315 1143 2356 admodum
1173 2314 1375 2369 copiosae
1408 2315 1556 2370 plures
1591 2329 1640 2356 ac
1673 2313 1869 2369 potiores

56 2395 141 2423 non
182 2381 350 2423 tribuat
393 2380 627 2436 operarios⁷
673 2383 717 2423 et
759 2380 948 2422 iuniores
991 2380 1144 2423 mittat
1177 2381 1491 2431 Confessarios⁷
1535 2395 1614 2423 nec
1657 2379 1865 2422 maiorem

56 2446 170 2489 illius
204 2446 375 2502 collegij
410 2447 573 2489 habeat
606 2447 834 2497 rationem,
871 2446 984 2500 quod
1017 2446 1167 2488 multis
1196 2446 1442 2489 nominibus
1465 2447 1624 2489 debeat
1656 2446 1717 2488 illi
1740 2446 1864 2501 Reip.

56 2512 168 2555 sicut
190 2514 324 2568 probe
346 2512 470 2555 nouit
492 2513 542 2555 R.
568 2513 614 2554 P.
640 2513 863 2555 Hoffaeus.
912 2513 1075 2555 Verum
1099 2512 1268 2555 isthaec
1292 2527 1373 2568 ego
1397 2516 1446 2555 ut
1469 2513 1688 2568 insipiens.
1725 2512 1869 2555 obiter

56 2575 208 2629 indico,
255 2582 302 2621 ut
345 2579 399 2621 ad
441 2578 649 2621 maiorem
694 2578 1041 2621 aedificationem
1073 2579 1294 2634 HeluetijS
1337 2580 1603 2629 consulatur,
1649 2581 1693 2621 et
1726 2578 1864 2621 nostri

57 2644 229 2699 quidem
270 2644 436 2687 minore
478 2645 680 2687 laborent
723 2644 819 2687 odio
864 2645 977 2699 apud
1020 2644 1118 2687 illos
1152 2645 1374 2695 Dominos.
1420 2661 1601 2700 quorum
1641 2645 1786 2699 gratia
1821 2648 1864 2686 61

56 2711 361 2753 beneuolentia
395 2710 645 2766 cumprimis
679 2725 869 2765 egemus.
926 2711 1018 2752 Nec
1051 2710 1155 2752 mihi
1190 2711 1391 2766 displicet
1423 2712 1595 2753 illorum
1629 2710 1862 2753 sententia.

57 2777 128 2830 qui
162 2777 413 2819 desiderant
456 2777 617 2831 aliquid
660 2777 703 2818 in
737 2776 853 2819 socio
886 2777 932 2818 P.
958 2777 1012 2819 N.
1047 2777 1343 2828 Prouintialis‚
1389 2781 1437 2820 ut
1469 2778 1505 2819 is
1538 2777 1747 2819 maiorem
1780 2777 1861 2819 toti

0 2839 1 2868 3
57 2842 301 2897 prouintiae
336 2843 573 2885 utilitatem
607 2846 803 2898 tempore
838 2843 1102 2885 uisitationis
1137 2844 1343 2889 adferret.
1380 2844 1569 2886 maxime
1602 2843 1637 2885 si
1672 2843 1861 2896 aliquam

180 2975 187 2992 ¹
216 2975 274 3015 Hi,
304 2975 460 3009 Hem-ico
490 2976 551 3009 lll.
582 2975 721 3009 Galliae
750 2988 833 3019 rege
863 2975 932 3008 iam
960 2978 1112 3011 mortuo.
1149 2975 1305 3008 Henrieo
1334 2976 1534 3009 Navarrae‘
1552 2975 1629 3019 regi
1657 2975 1862 3008 calviniani»

58 3028 194 3072 regiam
223 3029 365 3062 Galliae
395 3030 569 3063 ‘coronam
598 3029 719 3063 deberi
748 3029 936 3063 dicebant:
975 3029 1027 3062 illi
1055 3041 1134 3062 eam
1162 3029 1297 3062 homini
1326 3029 1528 3062 acatholico
1557 3029 1727 3062 obvenire
1756 3041 1862 3072 posse

57 3081 257 3126 negabant:
287 3082 347 3125 qui
380 3082 581 3127 ..Ligistae“
614 3083 848 3117 vocabantur.
999 3082 1010 3099 ²
1037 3082 1263 3116 Ferdinando
1292 3083 1412 3117 Alber.

178 3135 489 3177 3111611116111175.
543 3137 675 3170 15111111
710 3149 811 3179 spem
848 3136 1065 3179 praebuerat
1101 3136 1288 3180 religimiis
1326 3136 1527 3170 catholicae
1565 3136 1860 3179 amplectendae:

59 3189 103 3222 cf.
126 3200 235 3232 supra
263 3202 294 3232 p.
317 3190 396 3224 27⁴3.
442 3190 622 3224 Henricus
648 3193 775 3233 postea
796 3189 911 3224 Sociis
938 3190 1230 3234 friburgensilms
1257 3190 1301 3223 ad
1329 3190 1504 3233 templum
1526 3191 1558 3223 S.
1584 3190 1772 3223 Michaelis
1800 3202 1862 3222 ex—

58 3243 267 3276 struendum
296 3244 389 3277 1000
416 3244 576 3278 thaleros
605 3244 751 3278 donavit
796 3245 944 3277 Genaua
971 3245 1038 3277 98&
